1620 3064
166 229 199 268 ‚2
208 226 267 271 30
670 211 805 256 XIII.
841 212 1024 256 Stemus.

311 334 510 383 Thorax
546 335 833 400 elongatus,
870 331 1038 380 medio
1080 330 1184 395 (sed
1221 331 1347 395 apici
1381 333 1528 394 paulo

238 421 469 484 propius)
500 421 676 476 latior3
722 419 890 477 dorso,
941 419 1089 481 paulo
1125 417 1256 465 infra
1289 417 1530 477 medium,

240 506 405 553 foueis
438 522 463 552 2
501 506 855 570 irregularibus
886 501 1158 565 impreffus.

306 592 513 642 Habitat
550 591 855 655 Brunsuigae
885 618 952 627 —-
987 591 1167 637 Knoclz.

308 684 375 727 St.
414 679 655 726 binotatus
689 677 887 743 Ljungh
922 680 988 723 St.
1026 694 1070 739 p.
1091 680 1169 723 66.
1207 694 1256 723 n.
1280 679 1324 723 6.

174 786 219 830 9.
258 770 325 814 Sc.
360 765 698 829 buphthalmus
734 766 806 810 M.
835 779 879 823 p.
902 767 1010 818 156.
1049 774 1184 809 totus
1220 761 1533 808 cinereo-ni-

242 870 350 917 ger3
399 851 521 915 iugo
568 848 778 896 frontali
813 861 861 895 et
897 848 1168 896 canalicula
1201 847 1415 895 thoracis
1448 847 1534 894 ob-

243 939 424 986 soletis.

316 1025 514 1072 Thorax
563 1020 832 1069 latitudine
883 1020 1034 1085 paulo
1077 1018 1309 1085 longior,
1367 1017 1535 1067 medio

246 1110 412 1158 latior.

313 1200 562 1244 Punctum
598 1192 739 1240 craffa
761 1230 773 1251 ,
808 1192 1162 1243 cicatriculosa.

313 1287 458 1328 Hanc
493 1281 705 1345 speciem
739 1279 935 1342 copiose
960 1279 1124 1343 primo
1143 1295 1269 1337 vere,
1298 1295 1413 1325 cum
1434 1279 1543 1342 pIu-

249 1368 389 1415 ribus
427 1369 577 1413 huius
619 1367 808 1429 generis
844 1365 1120 1428 speciebus,
1164 1382 1425 1426 nunquam
1463 1382 1546 1410 au-

251 1466 356 1500 tem
388 1469 503 1499 cum
535 1458 601 1500 St.
635 1453 909 1518 biguctato,
952 1451 1007 1499 in
1043 1449 1255 1499 arenosis
1293 1451 1545 1498 humidio-

252 1540 391 1586 ribus
429 1539 517 1585 sub
549 1540 772 1603 gramine
802 1538 915 1602 legi.

322 1626 487 1672 Variat
523 1619 721 1689 statura
783 1626 936 1688 paulo
994 1622 1217 1671 crassiore
1261 1624 1345 1672 vel
1396 1622 1547 1686 paulo

187 1749 192 1754 .
254 1712 529 1775 graciliore.

227 1800 531 1845 Varietatem
556 1797 758 1843 alteram
775 1833 786 1853 ,
822 1809 1069 1858 punctura
1099 1795 1249 1858 paulo
1274 1794 1547 1851 subtiliore,

257 1884 425 1929 colore
459 1884 606 1945 paulo
635 1883 793 1947 magis
816 1883 1028 1938 cinereo,
1064 1885 1210 1926 Dom.
1231 1879 1362 1926 Prof.
1383 1880 1552 1927 Knoch

260 1985 351 2032 pro
401 1968 554 2030 specie
597 1968 835 2032 peculiari
877 1966 1027 2013 habet
1072 1978 1120 2012 et
1161 1964 1208 2011 ei
1251 1981 1436 2012 nomen
1479 1969 1552 2013 St.

261 2056 610 2102 canaliculatus
643 2055 792 2102 dedit.

199 2157 274 2189 ιο.
318 2144 386 2187 St.
428 2143 582 2187 morio
630 2152 768 2187 totus
812 2137 1229 2204 cinereo-niger3
1283 2137 1552 2185 canalicula

261 2227 472 2273 thoracis
505 2225 778 2272 deficiente.

330 2318 490 2378 Long.
532 2317 587 2379 1}
624 2310 716 2357 lin.

332 2402 467 2445 Haec
511 2397 691 2460 species
733 2394 898 2444 differt
943 2413 968 2443 a
1000 2400 1067 2444 Se.
1103 2395 1416 2460 buphthalmo
1454 2401 1557 2467 1'1013

267 2481 359 2530 nisi
397 2480 573 2529 statura
609 2484 756 2546 paulo
785 2483 1000 2538 minore,
1030 2483 1260 2529 antennis
1286 2483 1431 2544 paulo
1448 2481 1560 2527 lon·

269 2568 518 2634 gioribu5‚
553 2579 601 2614 et
634 2567 894 2614 deficiente
929 2568 1199 2614 canalicula
1230 2567 1459 2615 thoracis.

337 2653 543 2703 Habitat
574 2653 879 2719 Brunsuigae
909 2680 976 2693 -—
1009 2654 1158 2703 Dahl.

1491 2739 1561 2782 Sc.
