1620 3064
392 203 473 246 VI.
506 197 789 249 Aleochara.
825 200 876 246 F.
900 199 980 245 IV.
1263 212 1355 256 173

84 327 304 389 integrm
369 322 688 387 longitudine
741 322 887 383 paulo
943 320 1141 379 latiore,
1203 321 1357 384 duplo

85 411 359 475 angustiore
399 425 546 470 quam
584 410 812 469 clypeus,
857 405 1044 467 apicem
1082 405 1248 454 versus
1281 424 1363 454 an-

82 495 319 560 gustiore,
362 492 585 547 testaceo,
629 492 847 555 margine
880 490 1161 548 subciliato,
1199 491 1362 538 subni-

87 583 205 626 tido.
277 580 435 640 Palpis
477 577 678 634 amicis,
716 576 1027 640 longitudine
1064 577 1252 639 duplici
1287 594 1362 625 ca·

88 667 227 727 pitis,
280 664 584 728 longioribus
628 680 775 724 quam
817 663 868 707 in
914 661 1252 722 cospeciebus3
1290 678 1361 709 ar-

85 750 240 795 ticulo
296 750 504 794 secundo
562 760 608 794 et
660 748 805 792 tertio
862 747 1361 812 clauato-elongati83

86 845 263 896 quarto
312 845 476 878 autem
523 833 639 878 adeo
688 831 830 877 breui
875 845 922 878 et
968 831 1140 877 subtili
1179 845 1236 879 vt
1278 834 1366 878 vix

91 920 240 965 oculo
284 931 468 964 armato
505 917 549 964 se
580 915 811 964 ostendat.
882 915 1108 964 Maxillis
1142 914 1366 964 testaceo-

88 1005 248 1067 piceis.
317 1003 474 1050 Labio
516 1013 727 1048 excunte
774 1001 825 1046 in
868 1002 1065 1047 lacinias
1102 1004 1220 1048 duas
1252 1018 1364 1063 por-

87 1101 238 1134 rectas
294 1087 577 1139 filiforme53
639 1087 792 1149 palpis
838 1086 1032 1133 duobus
1079 1088 1361 1151 gracilibus,

89 1173 406 1236 longitudine
453 1173 769 1228 laciniarum,
817 1173 890 1217 his
930 1185 978 1218 et
1006 1172 1105 1217 illis
1138 1169 1365 1217 testaceis.

163 1259 359 1304 Thorax
416 1258 631 1314 nitidus,
705 1273 985 1312 connexus,
1044 1256 1364 1321 longitudine

83 1344 238 1405 duplo
275 1345 443 1399 latior,
478 1344 663 1406 apicem
700 1344 860 1389 versus
895 1340 1160 1407 angustior.

154 1431 409 1491 Coleoptra
446 1428 741 1485 transuersa,
771 1428 942 1488 elytris
972 1427 1071 1473 fere
1096 1427 1360 1489 quadratis,

90 1514 311 1575 margine
345 1513 517 1574 apicali
540 1512 752 1568 sinuato,
789 1529 959 1575 opaca,
991 1512 1220 1571 coriacea,
1257 1513 1365 1559 fub-

91 1597 305 1643 tilissime
341 1611 388 1643 et
422 1598 769 1645 confertissime
799 1611 996 1661 puncta.

156 1684 403 1729 Abdomen
457 1686 719 1748 coleoptris
771 1686 919 1748 triplo
963 1682 1183 1746 longius,
1255 1679 1364 1727 sub-

86 1783 312 1829 opacum.

159 1854 310 1898 Pedes
344 1854 506 1916 opaci,
538 1854 695 1918 nigri,
729 1852 862 1900 tarsis
897 1851 1303 1900 fuscescentibus.

158 1938 361 1983 Habitat
392 1939 703 2003 Brunsuigae.
758 1944 906 1986 Dom.
942 1939 1075 1984 Dczhl
1106 1936 1368 1983 indiuidua

91 2023 196 2068 eius
228 2023 409 2084 septem
437 2024 488 2069 in
528 2037 688 2085 prato,
719 2026 777 2071 ad
808 2025 992 2071 radices
1027 2023 1209 2081 salicis,
1245 2034 1368 2068 tem-

88 2122 207 2168 pore
244 2109 489 2167 hyberno,
523 2110 656 2172 legit.

155 2192 221 2241 A.
255 2188 427 2256 excusa
463 2221 528 2228 —
560 2195 739 2240 Knoch.

155 2278 325 2340 Illiger
359 2279 484 2323 hanc
519 2277 726 2339 speciem
774 2279 1089 2344 Tachsy’porus
1123 2290 1367 2341 praemor-

85 2354 173 2423 sas
217 2364 548 2421 nuncupabat,
629 2359 829 2426 Karsten
876 2379 1032 2426 genus
1082 2362 1229 2407 huius
1275 2359 1369 2405 mi-

92 2443 307 2505 cropteri
334 2443 605 2510 Gymnusa,
636 2444 1050 2513 speciemfinuata
1073 2442 1369 2492 nominauit.

27 2531 105 2587 67.
142 2531 206 2578 A.
239 2530 403 2587 dubia,
453 2548 535 2576 ore
576 2533 836 2592 producto,
877 2533 1032 2594 palpis
1069 2532 1262 2594 longi53
1297 2529 1370 2574 ni·

93 2613 386 2678 gro-fusca,
431 2615 759 2675 subnitidula,
800 2619 1073 2665 tenuisfime
1107 2613 1368 2681 griseo-se-

1190 2700 1372 2750 ricans;
