1620 3064
439 165 498 206 X.
539 162 789 206 Omalium.
846 163 951 207 F-I.
1272 181 1364 222 205

95 284 210 340 bus,
242 300 456 345 quarum
494 285 713 329 laterales
752 283 922 328 breues
957 282 1092 340 sunt,
1140 303 1229 332 nec
1266 290 1367 347 api-

90 386 194 414 cem
228 386 316 414 nec
352 367 481 413 basin
520 368 727 413 thoracis
763 368 1039 431 attingunt,
1077 370 1364 420 intermedia

91 467 254 500 autem
292 465 417 499 recta
450 454 636 515 integra
676 451 765 508 est,
802 453 929 498 basin
963 468 1010 500 et
1041 457 1224 516 apicem
1259 460 1366 504 tho·

90 539 211 585 racis
270 539 540 601 attingens,
608 537 740 595 apice
800 550 1012 583 attamen
1070 541 1363 603 plerumque

86 625 240 688 magis
273 625 484 669 dilatata.
555 624 656 665 Hae
679 619 904 668 foueolae
928 635 1091 670 autem
1110 626 1361 674 interdum

85 708 416 754 subobsoletae
449 707 573 752 sunt.

152 795 400 853 Coleoptra
436 792 628 836 thorace
659 791 812 852 duplo
848 789 949 837 fere
985 793 1206 856 longiora
1230 795 1354 843 sunt.

20 894 64 925 2.
102 882 155 925 O.
181 875 439 943 depreffum
475 880 545 921 Μ.
586 894 629 937 p.
659 891 763 932 1¹3·

152 967 364 1010 Varietas
411 962 558 1007 huius
601 961 770 1021 speciei
801 959 1209 1021 obscuro-fusca,
1259 982 1356 1023 ore,

84 1048 335 1104 antennis,
390 1048 693 1109 pedibusque
737 1044 1122 1104 rufescentibus,
1172 1051 1358 1098 habitat

81 1132 431 1195 Norimbergae
462 1160 528 1168 —-
557 1136 729 1177 Sturm.

20 1230 61 1272 3.
101 1219 155 1262 O.
183 1212 402 1281 pufillum
439 1217 737 1270 nitidulum,
780 1214 1008 1278 nigrum5
1055 1217 1251 1264 thorace
1284 1220 1356 1264 bi-

79 1300 332 1347 foueolato
368 1300 729 1361 coleoptrisque
763 1298 944 1355 fuscis3
987 1317 1095 1358 ore,
1124 1307 1352 1352 antennis

78 1397 126 1430 et
163 1386 368 1447 pedibus
405 1384 627 1431 testaceis.

144 1474 299 1534 Lorzg.
339 1469 423 1514 vix
465 1487 481 1514 1
522 1470 608 1514 lin.

144 1560 300 1617 Caput
337 1553 782 1610 suborbiculatum,
818 1554 1015 1602 thorace
1049 1557 1240 1614 minus,
1277 1562 1353 1607 ni-

77 1657 250 1704 grnm3
295 1657 377 1685 ore
413 1653 460 1685 et
497 1638 726 1685 antennis
760 1641 997 1697 testaceis,
1044 1642 1147 1698 his,
1194 1647 1350 1706 capite

73 1727 367 1784 thomaeque
412 1726 558 1787 paulo
611 1724 945 1783 breuioribus,
1003 1727 1136 1787 apice
1171 1727 1350 1777 susces-

73 1809 314 1857 centibus.

147 1895 341 1942 Thoraae
388 1907 443 1941 vt
480 1895 530 1940 in
577 1897 628 1942 0.
656 1897 828 1956 ρωπος
873 1895 1232 1957 bifoueolatus,
1276 1898 1350 1947 fo-

74 1980 229 2027 veolis
263 1978 497 2026 distinctis
532 1980 761 2026 oualibus
795 1994 904 2026 ante
936 1982 1211 2030 scutellum.

141 2068 398 2128 Coleopcra
431 2064 590 2120 fusca,
629 2064 934 2111 subtiliffime
974 2079 1170 2127 puncta.

138 2151 388 2196 Abdomen
424 2149 692 2212 nigricans;
730 2165 824 2195 ano
859 2149 1132 2210 pallidiore.

140 2237 341 2280 Habitat
385 2234 705 2298 Brunsuigae,
762 2251 894 2291 raro,
939 2234 1086 2282 semel
1131 2248 1348 2283 tantum·

72 2321 222 2364 modo
255 2331 463 2379 captum.

41 2407 268 2450 Varietas
309 2403 458 2450 exstat
501 2407 777 2452 intermedia
824 2404 953 2451 inter
990 2408 1041 2451 O.
1070 2407 1270 2468 planum
1298 2418 1346 2452 et

69 2483 310 2550 pusillum,
350 2490 556 2535 thoracis
591 2490 805 2538 foueolis
834 2489 1016 2547 ttibus,
1049 2491 1346 2538 intermedia

67 2585 233 2618 autem
269 2574 572 2621 obsoletiore.

1198 2672 1247 2719 4.
1286 2664 1342 2708 0.
