1620 3064
192 215 289 269 214
603 204 664 249 X.
704 203 963 249 Omnlium.
998 205 1050 249 F.
1072 206 1135 250 ΙΙ.

333 329 519 376 Habitu
552 326 784 374 omnium
819 327 974 377 huius
993 326 1215 377 familiae
1234 328 1563 393 Omafiorum,

267 414 446 467 statura
478 428 646 463 autem
678 416 870 463 latiore.

338 506 498 568 Long.
540 503 596 567 1}
635 502 727 550 lin.

343 590 504 654 Caput
532 591 758 654 nigrum,
794 599 1126 634 antennarum
1158 587 1369 636 articulo
1400 589 1565 652 primo

274 675 531 739 palpisque
567 673 946 735 rufescentibus.

351 762 549 810 Thorax
592 760 915 826 longitudine
963 760 1118 822 duplo
1161 760 1337 819 latior,
1389 765 1568 811 canali-

278 847 390 894 cula
436 848 597 895 media
638 846 996 911 longitudinali
1036 846 1253 893 obsoleta
1297 861 1345 894 et
1381 863 1570 910 puncto

279 931 505 980 distincto
542 934 830 997 marginum
868 932 1150 979 lateralium
1175 932 1458 996 impreffus3
1495 937 1568 984 ni-

280 1038 382 1087 ger,
402 1019 711 1087 marginibus
732 1018 940 1066 summis
961 1019 1174 1065 laterum
1197 1032 1245 1065 et
1258 1008 1420 1067 baieos
1434 1021 1570 1069 rufis.

350 1111 608 1172 Coleoptra
630 1107 827 1153 thorace
854 1106 1004 1168 paulo
1023 1107 1225 1163 latiora,
1265 1105 1575 1154 subtilissime

284 1206 334 1242 et
368 1190 721 1242 confertiffime
758 1204 964 1253 puncta,
1003 1191 1313 1238 rufo-fusca.

352 1281 605 1328 Abdomen
634 1296 658 1325 a
692 1277 959 1341 coleoptris
991 1278 1201 1325 omnino
1234 1277 1338 1325 fere
1369 1290 1576 1339 tectum,

286 1365 515 1430 nigrum3
549 1382 644 1412 ano
680 1365 834 1411 fusco.

352 1455 506 1501 Pedes
534 1449 893 1499 rufo-testacei.

357 1540 562 1586 Habitat
591 1538 646 1584 in
679 1537 873 1593 suecia,
909 1536 1038 1582 vnde
1074 1540 1223 1582 Doni.
1255 1539 1341 1585 cel.
1366 1538 1583 1603 Paykulz

289 1626 498 1673 vnicum
544 1624 675 1672 illud
719 1622 1070 1679 indiuiduum,
1118 1623 1177 1668 de
1211 1639 1312 1684 quo
1348 1625 1466 1670 haec
1502 1625 1583 1670 de-

291 1712 493 1774 scriptio
531 1709 752 1756 desumta
791 1707 881 1766 est,
914 1708 1201 1755 collectioni
1217 1712 1478 1757 Roscianae
1498 1714 1583 1757 Pa-

293 1797 415 1845 rifiis
449 1796 859 1845 communicauit.

363 1883 695 1931 Indiuiduum
726 1884 966 1937 alterum,
997 1880 1133 1942 quod
1155 1883 1303 1926 Dom.
1326 1882 1587 1946 Gyllenhczl

296 1969 357 2016 ad
386 1974 533 2016 Doni.
567 1972 730 2016 Scurm
764 1965 917 2023 milit,
951 1966 1032 2011 hic
1065 1981 1181 2012 vero
1218 1983 1417 2013 mecum
1454 1985 1588 2015 com-

294 2055 601 2112 municauit,
635 2071 750 2101 cum
783 2053 874 2098 illo
895 2053 1098 2115 quidem
1121 2055 1384 2112 conuenit,
1421 2052 1588 2102 differt

297 2154 465 2188 autem
497 2138 818 2204 longitudine
853 2139 943 2185 vix
977 2137 1163 2185 lineam
1198 2140 1395 2186 vnicam
1428 2139 1592 2202 super-

299 2240 440 2283 ante3
488 2227 702 2273 thoracis
749 2225 1022 2272 canalicula
1055 2223 1420 2282 obsolefissima,
1465 2242 1593 2287 pun-

299 2312 391 2359 ctis
436 2324 603 2360 autem
655 2311 817 2358 tribus
862 2308 1106 2359 distinctis
1150 2322 1264 2357 ante
1311 2311 1590 2377 marginem

299 2400 584 2457 lateralem,
623 2397 848 2462 margine
884 2396 1006 2445 basis
1043 2397 1175 2444 haud
1208 2395 1340 2444 rufo.

368 2484 534 2548 Staph.
568 2495 720 2531 tectus
747 2484 905 2549 Payk.
942 2487 1085 2530 Mon.
1123 2486 1191 2530 St.
1227 2499 1277 2529 n.

759 2567 942 2620 Olivier
984 2572 1101 2617 Eut.
1140 2572 1208 2618 St.
1247 2585 1298 2616 n.
1325 2582 1403 2626 52.
1444 2581 1479 2618 t.
1504 2575 1592 2618 111.

300 2653 339 2705 f.
376 2672 450 2705 ει,

1515 2758 1598 2792 20.
