1620 3064
166 225 225 271 53
543 213 630 258 111.
662 206 988 274 Staphylinus.
1023 213 1074 258 F.
1097 215 1135 257 Ι.

167 334 372 397 (Confer
405 351 563 399 genus
597 333 979 396 Tachinorum).
1053 339 1180 383 Sunt
1216 349 1383 384 autem
1420 338 1529 401 qui-

168 422 281 468 dam
303 420 583 483 staphylini
603 424 691 478 (St.
712 419 980 489 impreffus,
1008 435 1056 469 et
1084 425 1389 487 capucinus),
1421 424 1531 486 qui-

167 508 263 554 bus
300 508 549 568 coleoptra
593 506 724 552 haud
772 519 956 569 puncta
1002 508 1138 565 sunt,
1187 508 1265 554 sed
1313 520 1531 555 crenato-

169 592 330 640 striata
364 592 443 636 vel
480 593 680 654 punctis
707 595 876 658 paucis
900 594 1150 658 impressa,
1184 596 1259 642 vti
1281 596 1532 654 Tachinis,

172 694 286 724 cum
332 675 515 739 quibus
561 691 755 739 autem,
808 681 870 728 ob
906 680 1122 727 formam
1157 680 1328 727 vltimi
1361 694 1532 728 anten-

171 781 353 811 narum
379 764 601 823 articuli,
630 768 869 825 thoracis,
906 785 997 814 nec
1026 785 1128 814 non
1150 767 1383 814 serierum
1406 786 1533 832 pun-

172 861 369 897 ctorum
405 852 619 898 thoracis
653 870 916 915 nunquam
948 853 1193 900 confundi
1225 851 1435 916 possunt.
1467 880 1536 891 —-

275 943 387 1001 Quo
446 936 642 986 facilius
695 939 818 985 ordo
866 938 920 984 in
969 939 1065 985 hoc
1106 956 1281 1003 genere
1327 939 1539 1002 perspici
1590 920 1593 923 .

174 1037 352 1086 queat,
389 1024 568 1088 species
601 1024 1018 1089 Staphylinorum
1054 1025 1106 1072 in
1137 1025 1361 1088 quinque
1391 1024 1536 1072 fami-

172 1110 262 1157 lias
298 1110 542 1159 distribui,

671 1203 967 1246 FAM1L1A
1003 1204 1040 1245 Ι.

313 1284 702 1348 Comprehendit
753 1285 866 1332 illas
911 1286 1058 1330 huius
1102 1284 1295 1349 generis
1340 1283 1537 1348 species,

245 1387 373 1434 quae
407 1372 628 1435 aliquam
663 1388 778 1417 cum
816 1389 993 1436 genere
1019 1372 1337 1434 praecedente
1367 1372 1541 1418 adsmi-

246 1469 401 1504 tatem
426 1458 677 1521 produnt3
709 1475 881 1505 onmes
905 1474 1018 1522 ergo
1043 1457 1362 1520 Staphylinos
1398 1456 1543 1504 fami-

245 1542 342 1589 liae
380 1545 633 1608 quondam
668 1543 856 1592 tertiae.
884 1549 967 1604 .M·
993 1563 1039 1608 p.
1062 1558 1135 1600 15.
1170 1571 1237 1580 —-
1291 1545 1544 1593 Characte-

247 1631 388 1677 ribus
420 1642 588 1677 autem
623 1630 730 1676 illic
767 1631 892 1677 datis
928 1632 1047 1676 haec
1083 1630 1235 1676 addo:

317 1719 570 1764 Antemnae
602 1719 669 1762 St.
704 1718 897 1762 dilatati
922 1714 1125 1761 ferratae
1152 1716 1291 1773 sunt,
1329 1718 1540 1765 articulo

249 1802 437 1850 vltimo
483 1815 663 1856 ouat03
718 1802 851 1848 haud
900 1802 1179 1865 parabolice
1211 1802 1414 1860 obtuso,
1467 1804 1545 1850 vti

248 1889 402 1952 longe
439 1888 670 1951 plurimis
706 1887 855 1932 huius
886 1886 1107 1933 familiae
1142 1887 1415 1949 speciebus,
1452 1888 1546 1934 im-

204 1956 212 1959 *
251 1974 425 2038 primis
471 1986 640 2022 autem
692 1974 927 2020 omnibus
982 1972 1256 2020 maioribus
1290 1970 1381 2019 effe
1408 1972 1545 2021 solet.

318 2062 462 2123 Palpi
497 2064 563 2106 Sc.
602 2062 732 2109 Ulrni
764 2061 1064 2123 plerumque
1095 2058 1389 2105 securidacei
1415 2058 1544 2107 sunt.
1611 2060 1616 2065 ’

321 2149 579 2209 Coleoptra
623 2148 773 2210 longe
826 2144 1060 2209 plurimis
1118 2144 1266 2189 huius
1324 2142 1548 2191 familiae

254 2233 565 2298 Staphylinis
586 2231 892 2280 aenescentia
913 2230 996 2276 seu
1017 2230 1237 2275 viridaria
1260 2228 1390 2286 sunt,
1426 2247 1549 2292 quo-

255 2338 370 2367 rum
402 2320 455 2366 in
480 2319 685 2381 reliquis
714 2317 864 2363 huius
889 2316 1083 2383 generis
1109 2314 1414 2378 staphylinis
1436 2317 1550 2362 nul-

254 2408 366 2453 lum
405 2408 691 2471 exemplum
728 2404 893 2453 exstat.
1467 2388 1469 2393 Ι

335 2492 539 2543 Thorax
588 2493 801 2539 seriebus
847 2501 1154 2553 punctorum
1192 2488 1549 2536 discoidalibus

259 2577 518 2640 impressus
547 2577 635 2624 esse
664 2578 814 2632 solet;
844 2575 1098 2639 perpaucis
1119 2574 1369 2639 speciebus
1388 2576 1551 2623 discus

259 2664 474 2712 thoracis
510 2663 587 2711 his
621 2663 836 2711 seriebus
869 2673 1012 2710 caret.

1416 2764 1457 2795 1.
1482 2750 1552 2796 St.
