1620 3064
216 217 309 264 ¹90
606 200 736 247 VIII.
778 203 1030 266 Oaey'telus.
1069 206 1120 250 F.
1140 205 1176 249 1.

274 327 516 373 carinatas
545 324 942 392 etsculpturcztus
972 326 1382 389 frequentissime.
1450 333 1569 378 Cha-

272 426 477 460 racteres
516 412 791 473 praecipui,
836 412 1018 474 quibus
1051 415 1106 459 0.
1132 417 1373 461 carinatas
1408 416 1467 461 ab
1507 417 1563 464 0.

260 495 571 563 sculpturam
593 496 828 562 distingui
850 497 1019 558 potest,
1054 499 1114 545 de
1133 500 1346 557 thorace,
1382 515 1568 562 puncto

272 587 435 642 illius,
468 583 808 631 cicatriculoso
840 583 1068 639 alterius,
1104 601 1195 630 nec
1227 602 1331 632 non
1351 587 1410 632 de
1430 587 1565 635 sulco

270 672 457 726 medio,
494 671 683 730 apicem
707 670 872 716 versus
896 668 1121 731 prorsum
1143 668 1391 717 delinente
1407 673 1566 733 illius,

268 755 525 821 angustato
565 755 880 801 solummodo
914 756 1143 811 alterius,
1187 756 1401 802 desumti
1433 758 1562 806 sunt.

266 844 335 890 Hi
384 843 708 898 characteres,
766 839 799 886 fi
845 842 1079 888 omnibus
1129 843 1403 890 indiuiduis
1448 845 1563 893 satis

269 927 490 975 distincti
536 925 711 982 effent,
759 925 1031 972 sufficerent
1067 927 1124 972 ad
1162 926 1563 993 distinguendam

267 1027 528 1075 vtramque
568 1013 801 1073 speciem;
839 1011 917 1059 sed
957 1013 1035 1057 hic
1073 1015 1235 1059 haeret
1264 1031 1415 1077 aqua;
1454 1019 1563 1064 Sul..

265 1118 350 1148 cus
396 1098 707 1165 angustatus,
760 1115 874 1143 cum
913 1099 1062 1159 paulo
1096 1099 1254 1163 magis
1286 1102 1446 1149 adhuc
1479 1121 1563 1151 an-

266 1186 514 1252 gustatur,
553 1188 753 1234 tandem
793 1183 992 1238 definit3
1034 1196 1302 1245 punctum,
1343 1187 1376 1233 fi
1407 1191 1558 1250 paulo

265 1276 647 1334 comprimitur,
681 1273 992 1321 cicatriculae
1023 1269 1179 1317 fimile
1216 1271 1295 1328 fit,
1334 1275 1450 1321 haec
1475 1294 1560 1323 au.

264 1372 394 1415 tem,
456 1359 490 1406 fi
536 1362 685 1422 paulo
732 1358 1064 1413 contrahitur,
1123 1370 1325 1419 puncto.
1398 1365 1463 1406 Et
1505 1379 1557 1408 re

262 1462 375 1493 vera
411 1445 537 1491 mihi
568 1445 682 1491 sunt
702 1445 989 1507 specimina,
1024 1442 1203 1504 quibus
1227 1444 1323 1489 iam
1348 1445 1556 1495 initium

263 1531 416 1576 huius
482 1529 894 1577 commutationis
955 1542 1180 1591 apparet,
1252 1547 1556 1593 quamquam

261 1618 489 1664 nondum
509 1617 720 1662 omnino
737 1615 1002 1660 transeunt.
1028 1643 1094 1650 -—-
1138 1617 1373 1665 Thoracis
1394 1618 1554 1667 forma

259 1704 503 1765 dependet
522 1721 545 1748 a
567 1701 914 1765 magnitudine
936 1700 1131 1761 capitis:
1170 1702 1338 1762 Capite
1355 1721 1550 1769 magno,

257 1789 436 1834 thorax
483 1785 743 1833 necessario
789 1786 924 1846 apice
966 1786 1116 1831 latior
1147 1784 1239 1832 effe
1270 1788 1438 1848 dehet,
1490 1793 1550 1838 ad

257 1875 386 1921 illud
449 1871 806 1932 recipiendum.
912 1875 1017 1916 Hac
1083 1888 1198 1917 vero
1263 1874 1552 1923 dilatatione

258 1959 408 2022 partis
459 1956 718 2004 anterioris
764 1957 973 2001 thoracis
1023 1958 1230 2019 angulos
1274 1959 1376 2004 eius
1418 1975 1552 2008 ante-

256 2045 408 2091 riores
461 2044 705 2091 acutiores
757 2043 863 2089 fieri
910 2055 1121 2104 oportet.
1193 2046 1312 2090 Inde
1356 2047 1411 2092 in
1452 2065 1548 2095 vna

255 2132 524 2193 eademque
573 2130 749 2190 specie,
797 2130 937 2174 cuius
974 2127 1238 2174 indiuidua
1275 2131 1433 2193 capite
1465 2150 1547 2181 va..

252 2216 387 2262 riant
432 2217 619 2263 maiore
663 2227 710 2260 et
747 2214 967 2269 minore,
1016 2215 1230 2262 thoracis
1263 2219 1435 2281 anguli
1463 2237 1547 2265 an-

193 2315 198 2317 “
254 2303 457 2349 teriores
505 2301 745 2347 acutiores
793 2312 839 2345 et
884 2300 1156 2347 obtufiores
1203 2300 1291 2348 effe
1327 2301 1542 2364 poffunt,

250 2389 387 2452 quod
421 2388 678 2450 praecipue
712 2384 766 2430 in
806 2387 862 2431 O.
886 2388 1016 2448 piceo
1048 2385 1321 2433 obseruaui.

184 2561 230 2608 6.
271 2559 327 2604 O.
361 2560 519 2620 piceus
565 2561 636 2603 M.
675 2572 721 2618 p.
748 2570 854 2610 105.
891 2584 958 2591 -
997 2558 1195 2604 thorace
1242 2560 1538 2618 transuerso,

246 2655 461 2705 puncto,
496 2644 759 2708 coleoptris
793 2646 983 2690 minore
1013 2644 1211 2709 angulis
1245 2646 1394 2708 apicis
1430 2646 1540 2692 sub-

1391 2730 1536 2777 obtu-
