1620 3064
568 153 647 196 VI.
688 148 970 198 Aleochara.
1346 168 1436 218 147

93 272 312 336 respectu
353 273 690 334 proportionis
733 274 1072 339 longitudinis
1118 278 1333 338 partium
1379 283 1438 329 ad

89 359 406 404 latitudinem
454 374 647 404 earum:
705 362 864 422 Caput
907 378 1144 421 paruum,
1195 363 1437 414 orbicula-

87 455 222 500 tum,
258 443 343 489 sub
377 442 567 490 thorace
598 445 757 489 multo
784 445 980 502 maiore,
1010 462 1253 505 connexo,
1280 461 1433 499 trans-

87 528 255 585 verso,
294 529 480 590 apicem
517 527 679 573 versus
712 529 1004 592 plerumque
1040 529 1330 595 angustiore,
1350 536 1431 581 ab·

83 613 349 660 [conditur.
434 614 688 673 Coleoptra
738 615 1005 660 transuersa
1059 615 1196 672 sunt,
1252 619 1426 678 elytris

82 697 271 760 saepius
308 697 656 759 subquadratiS.
680 724 746 733 —
788 702 920 743 Haec
947 698 1162 757 familia,
1198 701 1426 764 specimi-

81 783 225 828 nibus
260 781 554 845 quibusdam
590 781 757 827 minus
796 783 971 829 coactis
1014 796 1085 841 et,
1131 788 1267 847 quod
1306 788 1424 837 inde

79 865 322 929 sequitur,
360 867 554 913 thorace
591 865 952 929 coleoptrisque
982 868 1152 916 minus
1181 871 1296 919 latis
1331 876 1424 920 mi-

76 968 270 1014 nusque
314 952 579 1007 connexis,
638 967 751 996 cum
801 950 992 998 familia
1033 958 1117 999 111.
1171 955 1417 1020 iungitur,

74 1054 114 1084 e.
140 1054 183 1101 g.
218 1054 302 1099 per
319 1039 397 1084 Al.
419 1034 726 1101 ruficornem,
761 1036 1048 1082 laeuemetc.
1072 1065 1138 1073 —-
1174 1044 1236 1085 Vt
1259 1044 1420 1089 omni·

72 1122 164 1169 bus
193 1122 494 1185 reliquarum
518 1118 823 1166 familiarum
848 1121 1141 1179 Aleocharis‚
1174 1123 1241 1170 ita
1264 1128 1417 1175 etiam

71 1207 318 1268 speciebus
351 1204 503 1251 huius
536 1203 755 1249 familiae
788 1206 936 1270 longe
959 1207 1204 1268 plurimis,
1233 1213 1420 1261 labrum

70 1292 406 1338 transuersum
438 1300 487 1334 et
519 1290 648 1351 palpi
674 1289 845 1335 breues
870 1292 1165 1351 acuminati,
1204 1298 1417 1345 articulo

68 1375 346 1439 penultimo
394 1377 613 1430 clamato,
667 1371 794 1420 sunt.
888 1376 1197 1438 Quibusdam
1244 1395 1417 1430 autern

67 1462 216 1507 huius
261 1459 477 1507 familiae
523 1459 830 1515 Aleocharis,
877 1459 1061 1506 scilicet
1092 1466 1172 1510 Al.
1200 1464 1417 1531 excusae,

65 1549 275 1593 minutae
316 1557 364 1592 et
402 1549 588 1610 palpali
635 1547 831 1592 labrum
867 1545 1165 1606 productum
1206 1550 1415 1614 subqua.

64 1630 584 1677 dmm-orbiculatum
621 1643 667 1677 et
703 1629 863 1692 palpi‚
915 1646 1132 1691 quorum
1174 1635 1414 1686 articulus

59 1716 270 1763 Vltimus
307 1716 394 1763 vix
430 1715 638 1763 visibilis
675 1713 740 1762 est
778 1727 826 1761 et
859 1715 1005 1761 oculo
1051 1717 1172 1763 bene
1217 1736 1406 1771 armato

58 1818 155 1864 qua
192 1801 285 1846 seta
322 1801 586 1866 perexigua
615 1813 664 1848 et
692 1799 855 1848 tenuis
886 1798 980 1846 sese
1002 1799 1236 1863 ostendit,
1258 1806 1403 1874 longi

58 1899 107 1935 et
146 1886 427 1952 graciliores
465 1887 592 1934 sunt.

154 1974 353 2018 Familia
376 1975 430 2016 V.
465 1972 642 2034 species
674 1971 987 2018 solummodo
1022 1973 1142 2020 duas
1175 1991 1397 2039 compre-

53 2057 227 2104 hendit
256 2054 568 2120 perexiguas,
599 2055 773 2102 habitu
804 2068 968 2102 autem
992 2069 1039 2103 et
1058 2057 1218 2106 forma
1244 2074 1394 2125 atque

52 2144 368 2207 proportione
405 2141 618 2205 partium
641 2140 938 2205 singularum
960 2141 1019 2187 ab
1039 2146 1272 2193 omnibus
1291 2165 1394 2195 cae-

52 2227 169 2274 teris
204 2228 477 2272 Aleocharis
515 2226 623 2272 satis
665 2224 936 2283 distinctas,
975 2238 1030 2273 vt
1056 2228 1108 2273 in
1139 2232 1391 2294 propriam

50 2311 293 2359 familiam
339 2310 577 2374 coniungi
623 2309 813 2373 possint.
893 2313 1073 2373 Corpus
1108 2312 1172 2360 est
1204 2315 1391 2379 depres-

48 2395 333 2442 sius-culum.
412 2399 588 2458 Caput,
647 2394 874 2442 antennis
926 2396 1204 2444 extrorsum
1243 2402 1390 2449 valde

45 2479 333 2536 incrassatiS,
368 2480 563 2526 thorace
595 2479 656 2528 est
686 2481 865 2526 minus.
919 2480 1113 2527 Thorax
1146 2494 1387 2532 transuer-

43 2565 122 2613 sus
154 2566 584 2614 eonuexiusculus.
636 2567 891 2631 Coleoptra
911 2566 1065 2625 leuia,
1095 2571 1382 2629 transuersa,

822 2655 863 2698 Κ
902 2668 929 2699 2
1277 2656 1387 2701 tho-
