1620 3064
541 206 860 240 PRAEFATIO.
1325 211 1381 243 1x

35 316 182 382 gicus
218 314 371 364 debet
401 316 449 363 ei
482 313 726 379 quasdam
760 313 951 378 species
992 330 1158 363 nouas
1198 326 1248 365 et
1280 319 1381 367 ele-

34 414 233 468 gantes,
285 401 542 466 imprimis
594 417 621 446 e
669 417 893 448 numero
938 401 1379 465 micropterorum

32 488 371 536 exoticorum.

136 571 417 636 Praecipue
451 580 625 619 autem
661 570 714 616 in
751 570 1053 618 collectione
1079 573 1235 620 Dom.
1258 578 1380 622 Pro-

33 655 226 705 fefforis
270 654 473 714 Knoclz,
537 654 757 703 fautoris
811 656 917 703 mei
966 656 1380 721 aestumafisfimi,

35 742 127 804 qui
173 758 294 806 prae
341 741 452 788 aliis
495 739 705 805 systema
752 741 912 788 huius
959 743 1380 808 coleopterorum

33 827 287 885 familiae,
321 825 499 874 studiis
527 835 576 872 et
601 824 1004 873 scrutationibus
1029 826 1247 878 summis
1278 833 1380 880 ela-

34 913 264 971 borauit,
295 913 562 960 materiem
601 913 882 976 plurimam
906 911 1067 959 huius
1094 915 1383 982 Micropte..

33 1014 215 1046 rorum
249 998 661 1063 Monographiae
697 997 905 1054 inueni;
941 1007 990 1044 et
1025 1015 1209 1063 magna
1244 1005 1383 1056 mul-‚-

36 1082 207 1132 titudo
230 1082 519 1148 specierum
546 1099 833 1138 nouarum,
869 1098 1026 1144 quae,
1058 1084 1166 1148 post
1196 1086 1381 1136 editio-

35 1185 157 1217 nem
198 1169 497 1218 tentaminis
533 1171 638 1215 mei
674 1167 831 1232 primi
871 1165 1149 1230 systematis
1187 1174 1386 1223 Micro-

35 1266 331 1320 pterorum‚
366 1254 423 1301 in
457 1253 564 1301 solo
601 1254 793 1300 ducatu
828 1254 1214 1315 Brunsuicenfi‚
1251 1269 1382 1308 tem..

36 1342 179 1406 poris
215 1341 342 1389 adeo
373 1341 547 1388 breuis
583 1338 752 1403 lapsu,
802 1350 1033 1403 repertae
1065 1340 1213 1399 sunt,
1259 1361 1381 1407 pro-

34 1427 120 1475 bat
148 1426 290 1484 sane,
327 1436 646 1490 quantopere
682 1426 883 1471 cultura
912 1424 1148 1473 historiae
1172 1438 1380 1476 natura-

36 1514 99 1561 lis
137 1512 327 1559 horum
359 1509 789 1557 animalculorum
819 1509 940 1556 alibi
967 1509 1135 1556 adhuc
1153 1513 1382 1576 neglecta

38 1596 123 1655 fit;
154 1595 295 1645 haud.
331 1596 471 1643 enim
507 1611 591 1641 me
622 1593 831 1641 hercule
864 1595 1138 1643 verisimile
1174 1597 1266 1656 est,
1302 1600 1383 1648 so-

36 1682 149 1730 lum
169 1679 538 1729 brunsuicense
566 1696 687 1743 prae
708 1679 917 1726 caeteris
937 1681 1226 1743 prouinciis
1246 1686 1382 1733 mul-

36 1765 261 1814 titudine
279 1766 405 1814 adeo
426 1764 670 1830 stupenda
689 1765 1123 1828 micropterorum
1142 1766 1384 1832 frequen-

37 1861 201 1898 tatum
247 1849 356 1899 effe.
445 1855 616 1918 Quare
660 1866 840 1897 omnes
887 1849 1193 1901 scrutatores
1237 1866 1383 1904 ento-

36 1937 294 2001 mologiae
345 1945 396 1983 et
441 1935 768 1999 insectolegas
825 1934 968 1982 haud
1026 1936 1144 1985 satis
1199 1957 1382 2006 vrgere

36 2019 269 2085 possum,
320 2037 387 2068 ne
431 2021 512 2068 his
555 2036 765 2083 quoque
801 2020 1004 2069 insectis
1040 2025 1384 2075 attentionem

36 2107 178 2155 suam
215 2106 477 2163 recusent3
511 2105 826 2169 respondeo,
868 2125 955 2156 eos
998 2126 1093 2173 pro
1126 2110 1300 2159 labore
1331 2123 1384 2159 et

37 2192 215 2241 studiis
254 2191 493 2257 impensis
541 2192 800 2255 premium
849 2204 1149 2258 exoptatum
1185 2196 1383 2245 laturos

38 2277 144 2325 effe.
216 2277 370 2325 Haud
398 2275 609 2340 quidem
639 2279 815 2342 negari
840 2278 1024 2343 potest,
1063 2279 1205 2342 quod
1227 2282 1383 2329 etiam

39 2380 67 2409 e
99 2363 198 2409 hoc
231 2362 485 2426 opusculo
518 2360 633 2408 satis
665 2361 932 2427 perspicue
966 2376 1129 2427 patet,
1175 2367 1384 2413 nullum

41 2446 214 2494 forsan
250 2447 670 2512 coleopterorum
714 2465 878 2511 genus
913 2451 1066 2498 tantis
1094 2451 1383 2499 obnoxium

41 2530 135 2579 effe
179 2529 598 2591 difficultatibus,
652 2533 967 2597 nullumque
1012 2534 1384 2583 scrutationem

42 2614 323 2666 desiderare
354 2617 755 2683 profundiorem
790 2634 947 2682 quam
972 2619 1100 2669 haec
1127 2621 1385 2685 coleopte-

1200 2721 1384 2753 rorum
