1620 3064
417 242 504 286 111.
536 239 862 306 Staphylinus.
900 245 947 289 F.
966 245 1005 290 I.
1323 250 1383 304 65

173 366 369 412 Thorax
401 365 666 428 coleoptris
700 366 888 424 minor,
936 365 1147 416 seriebus
1184 369 1384 416 dorsali-

98 453 190 500 bus
226 467 250 507 5
279 448 495 513 punctis.

167 540 348 603 Elytra
390 533 547 597 magis
583 533 818 581 minusue
855 537 968 598 pilis
1003 538 1379 602 grisescentibus

99 622 294 675 vestita3
336 620 843 685 sanguineo-notata,
886 635 934 668 et
965 624 1194 686 quidem:

166 726 207 754 1.
240 719 426 769 puncto
459 705 703 750 humerali
741 718 787 750 et
822 706 961 768 striga
995 708 1249 757 discoidali
1277 711 1378 759 san-

94 791 290 857 guineis
338 790 720 837 confluentibus,
764 818 830 826 —
887 794 1043 857 Payk.
1083 797 1151 842 St.
1183 801 1376 848 varians

91 893 192 926 var.
222 875 276 938 β.
313 875 365 920 in
398 878 542 921 Mon.
579 880 644 921 St.
682 893 729 922 n.
759 892 834 933 33.

160 980 201 1009 2.
239 973 424 1025 puncto
458 960 703 1007 humerali
735 960 1017 1024 sanguineo.

159 1063 201 1105 3.
239 1046 381 1111 striga
415 1046 539 1092 disci
572 1045 845 1110 sanguinea.

152 1139 200 1187 4.
234 1130 375 1196 striga
407 1132 651 1177 humerali
685 1132 964 1197 sanguinea.

154 1233 199 1276 5.
239 1216 380 1283 striga
414 1217 605 1264 laterali
637 1216 921 1281 sanguinea.

152 1307 304 1352 Pedes
341 1302 477 1366 nigri
518 1303 597 1348 vel
634 1302 974 1366 nigro-fusci;
1020 1305 1263 1368 capitibus
1296 1309 1365 1356 fe·

82 1407 286 1438 morum
322 1388 498 1434 anticis
529 1387 823 1450 plerumque
858 1388 1096 1448 planatis,
1136 1390 1363 1442 testaceis.

153 1477 427 1521 Varietaces
464 1485 729 1519 occurrunt
765 1475 1110 1532 intermediae,
1152 1476 1364 1526 seriebus

82 1560 297 1607 thoracis
339 1557 611 1604 dorsalibus
657 1569 688 1616 4
728 1558 950 1618 punctis,
1000 1559 1175 1606 statura
1214 1579 1364 1622 parua

83 1663 113 1695 Ω
143 1645 258 1701 lin.,
317 1643 485 1703 elytris
532 1642 897 1704 nigricantibus
936 1644 1012 1688 vel
1054 1646 1365 1707 griseo-sub-

83 1729 418 1776 sericantibus.
489 1732 622 1772 Haec
657 1725 923 1788 specimina
956 1728 1114 1774 forsan
1141 1747 1164 1775 e
1190 1735 1366 1793 copula

81 1816 232 1864 huius
246 1812 530 1874 staphylini
547 1829 660 1858 curn
678 1812 787 1858 aliis
806 1812 1086 1858 minoribus
1111 1828 1213 1861 orta
1235 1817 1365 1866 sunt.
1391 1800 1395 1803 ἡ

51 1905 231 1967 Species
262 1900 536 1946 intermedia
566 1898 694 1943 inter
729 1902 795 1945 Sc.
826 1915 1030 1961 opacum
1063 1911 1110 1944 et
1142 1904 1207 1946 Sc.
1232 1913 1366 1949 atra-

85 2001 187 2036 tum
221 1986 283 2034 est
318 1989 386 2031 St.
416 1979 639 2045 obscurus
668 1987 740 2029 M.
771 1999 816 2044 p.
840 1997 972 2042 174,
1010 1984 1098 2045 qui
1123 1984 1286 2046 paffim
1308 1986 1365 2036 in

84 2072 343 2120 Germania
375 2068 600 2115 occurrit.

150 2162 305 2221 Long.
347 2170 372 2211 5
406 2154 497 2198 lin.

155 2243 318 2305 Caput
361 2236 628 2284 latitudine
669 2236 756 2281 vix
799 2238 948 2298 paulo
982 2237 1211 2301 longius,
1252 2242 1363 2288 tho-

83 2344 193 2374 race
223 2327 370 2387 paulo
400 2325 480 2369 vel
517 2322 670 2383 duplo
701 2322 898 2377 minus;
930 2324 1124 2382 punctis
1160 2326 1364 2386 quibus-

85 2414 198 2459 dam
240 2412 293 2456 in
330 2412 522 2474 angulis
559 2408 748 2463 baseoS,
800 2418 847 2451 et
884 2418 916 2465 4
949 2408 1361 2460 interocularibus

85 2495 324 2544 distinctis
355 2493 666 2556 impteffum3
702 2493 958 2548 antennis,
995 2493 1165 2554 capitis
1200 2495 1363 2543 thora-

85 2583 253 2644 cisque
282 2580 620 2644 longitudine,
659 2575 914 2638 palpisque
952 2578 1361 2630 obscuro-fuscis.

157 2666 351 2713 Thorax
387 2663 651 2726 coleopuis
688 2661 877 2719 minor,
912 2681 950 2721 1,
982 2678 1032 2722 3,
1070 2678 1095 2720 5
1130 2678 1361 2727 punctus.

790 2748 833 2791 E
1228 2750 1361 2797 Cole-
