1620 3064
163 166 226 223 36
616 155 706 200 111.
742 141 1069 219 Staphylinus.

166 300 435 337 tenuatum
468 282 673 335 lunato,
707 292 801 322 nec
837 273 1053 321 seriebus
1083 284 1386 336 punctorum
1419 276 1530 322 tho-

168 376 320 431 racis,
371 381 545 418 omnes
588 361 877 425 Staphylini
908 360 1218 408 familiarum
1255 364 1352 418 111,
1382 365 1447 407 IV
1482 372 1532 407 et

168 467 238 516 V3
273 456 487 505 seriebus
519 462 688 497 autem
719 459 1028 512 punctorum
1061 446 1298 504 thoracis,
1333 463 1426 493 nec
1461 464 1533 494 ar-

167 545 330 594 ticulo
361 540 542 586 vltimo
575 548 907 583 antennarum
935 534 1114 579 lunato
1153 533 1433 596 Staphylini
1462 532 1536 580 fa-

173 631 345 680 miliae
374 631 433 673 11.
521 628 773 671 Praeterea
807 621 862 667 in
892 619 1040 666 nullo
1070 618 1169 664 alio
1206 619 1539 683 Microptero·

173 734 290 765 rum
328 729 503 780 genere
542 723 775 758 antennae
816 708 931 753 sunt
954 701 1199 771 ferratae,
1247 706 1432 770 quibus
1464 710 1536 755 St.

175 807 412 851 dilatatus
457 816 483 846 a
532 795 736 860 reliquis
785 793 1099 858 cospeciebus
1151 792 1198 839 se
1246 792 1541 857 distinguit;

177 909 270 940 nec
309 890 440 955 palpi
481 896 690 951 quatuor
710 877 1007 947 securidacei
1040 878 1314 943 (Oxyporis
1358 878 1543 926 scilicet

177 975 317 1042 palpi
368 971 685 1021 solummodo
731 966 1019 1032 posteriores
1070 965 1363 1012 securidacei
1407 964 1544 1030 sunt)

180 1065 257 1126 yti
291 1060 523 1125 plurimis
558 1056 914 1120 speciminibus
949 1057 1014 1100 Sc.
1052 1055 1196 1102 Ulmi.

196 1135 200 1140 .
278 1152 404 1196 Sunt
445 1145 652 1208 quidam
697 1139 984 1204 staphylini
1026 1156 1052 1185 e
1097 1137 1292 1186 familia
1335 1137 1545 1186 secunda

187 1239 277 1296 (St.
300 1232 604 1300 fulminans,
652 1233 920 1285 alternans,
963 1229 1201 1290 palmula)
1238 1229 1421 1291 quibus
1457 1245 1550 1276 nec

186 1321 426 1368 articulus
462 1318 668 1364 vltimus
701 1327 1035 1362 antennarum
1059 1313 1292 1372 lunatus,
1325 1331 1415 1362 nec
1439 1317 1550 1362 tho.

186 1426 275 1455 rax
299 1406 514 1454 seriebus
540 1415 843 1466 punctorum
865 1405 1187 1463 (quamquam
1211 1401 1410 1463 punctis
1433 1419 1553 1464 pau-

187 1495 280 1553 cis)
321 1489 575 1554 impreIsus
623 1488 701 1538 est.
786 1493 1063 1550 Nunquam
1095 1498 1263 1533 autem
1297 1485 1552 1534 haesitabi-

188 1597 327 1636 mus,
358 1596 418 1624 an
455 1579 543 1623 hos
576 1576 895 1638 Staphylinos
926 1574 1151 1631 caeteris,
1185 1590 1311 1636 quos
1347 1573 1464 1622 fam.
1492 1577 1551 1621 11.

189 1662 569 1726 complectitur,
607 1661 917 1717 affociemus,
955 1677 1018 1706 an
1055 1676 1180 1715 non3
1216 1661 1390 1709 habitu
1413 1662 1553 1710 enim

188 1749 434 1806 naturali,
465 1765 556 1794 nec
586 1765 692 1794 non
725 1747 885 1794 forma
917 1758 1064 1808 atque
1094 1747 1418 1809 proportione
1447 1765 1552 1810 par—

190 1839 322 1885 tium
364 1834 590 1898 plurium
632 1832 982 1891 essentialium,
1031 1834 1241 1881 omnino
1283 1851 1398 1881 cum
1445 1835 1551 1881 illis

190 1933 498 1988 congruunt:
530 1922 710 1966 thorax
745 1921 1006 1985 elongatus
1036 1920 1190 1966 laeuis
1226 1921 1326 1966 iam
1353 1919 1552 1979 sufficit,

191 2027 294 2074 quo
338 2008 516 2071 species
552 2006 787 2069 allegatae
823 2023 847 2051 a
882 2006 1153 2053 Lathrobiis
1181 2007 1551 2070 dignoscantur,

191 2113 308 2142 cuni
353 2095 566 2159 quibus,
627 2094 690 2138 ob
732 2091 967 2138 staturam
1008 2092 1335 2155 proceriorem
1372 2090 1553 2138 filifor-

192 2198 335 2239 men,
385 2180 548 2226 forsan
594 2177 1051 2236 confunderentur,
1094 2177 1130 2223 fi
1166 2178 1407 2241 quaedam
1440 2193 1556 2222 con-

188 2265 318 2312 fufio
350 2267 522 2312 locum
560 2265 736 2310 habere
768 2264 919 2328 possit.
991 2269 1060 2312 St.
1096 2275 1391 2330 pyropterus
1424 2273 1555 2310 caret

187 2351 405 2399 seriebus
437 2349 714 2398 dorsalibus
742 2365 1045 2412 punctorum
1072 2351 1286 2397 thoracis
1316 2355 1551 2411 (quarum

189 2435 413 2501 vestigia,
466 2436 669 2500 punctis
714 2436 941 2495 duobus,
1000 2439 1056 2483 ad
1099 2439 1287 2500 apicem
1336 2434 1551 2480 thoracis
1616 2435 1620 2442 '

187 2521 316 2581 sitis,
362 2526 639 2583 remanent)
684 2535 731 2573 et
775 2536 953 2586 puncta
997 2523 1231 2570 serierum
1267 2523 1549 2570 lateralium

187 2607 241 2654 in
287 2625 454 2655 arcum
498 2608 790 2664 confluunt3
843 2620 1090 2656 caeterum
1132 2623 1300 2658 autem
1351 2611 1410 2656 de
1459 2609 1549 2654 hac

1388 2693 1413 2739 s
1412 2693 1541 2757 pecie
