<?xml version="1.0" encoding="UTF-8"?>
<!DOCTYPE html PUBLIC "-//W3C//DTD XHTML 1.0 Transitional//EN"
    "http://www.w3.org/TR/xhtml1/DTD/xhtml1-transitional.dtd">
<html xmlns="http://www.w3.org/1999/xhtml" xml:lang="en" lang="en">
 <head>
  <title>
</title>
<meta http-equiv="Content-Type" content="text/html;charset=utf-8" />
  <meta name='ocr-system' content='tesseract 3.04.00' />
  <meta name='ocr-capabilities' content='ocr_page ocr_carea ocr_par ocr_line ocrx_word'/>
</head>
<body>
  <div class='ocr_page' id='page_1' title='image "./monographiacoleo00grav_0224.png"; bbox 0 0 1620 3064; ppageno 0'>
   <div class='ocr_carea' id='block_1_1' title="bbox 182 222 1165 288">
    <p class='ocr_par' dir='ltr' id='par_1_1' title="bbox 182 222 1165 288">
     <span class='ocr_line' id='line_1_1' title="bbox 182 222 1165 288; baseline -0.002 -16"><span class='ocrx_word' id='word_1_1' title='bbox 182 239 271 287; x_wconf 72' lang='lat'>193</span> <span class='ocrx_word' id='word_1_2' title='bbox 547 225 679 270; x_wconf 87' lang='lat' dir='ltr'><strong>VIII.</strong></span> <span class='ocrx_word' id='word_1_3' title='bbox 715 222 968 288; x_wconf 73' lang='lat' dir='ltr'>Oxytelus.</span> <span class='ocrx_word' id='word_1_4' title='bbox 1003 226 1165 271; x_wconf 80' lang='lat' dir='ltr'>F.111.</span> 
     </span>
    </p>
   </div>
   <div class='ocr_carea' id='block_1_2' title="bbox 223 346 1583 2797">
    <p class='ocr_par' dir='ltr' id='par_1_2' title="bbox 253 346 1550 670">
     <span class='ocr_line' id='line_1_2' title="bbox 316 346 1544 397; baseline -0.001 -1"><span class='ocrx_word' id='word_1_5' title='bbox 316 347 524 396; x_wconf 81' lang='lat' dir='ltr'>Habitat</span> <span class='ocrx_word' id='word_1_6' title='bbox 548 347 604 395; x_wconf 87' lang='lat' dir='ltr'>in</span> <span class='ocrx_word' id='word_1_7' title='bbox 636 346 795 394; x_wconf 87' lang='lat' dir='ltr'>Gallia</span> <span class='ocrx_word' id='word_1_8' title='bbox 827 358 875 392; x_wconf 87' lang='lat' dir='ltr'>et</span> <span class='ocrx_word' id='word_1_9' title='bbox 898 349 1174 395; x_wconf 78' lang='lat' dir='ltr'>Germania.</span> <span class='ocrx_word' id='word_1_10' title='bbox 1221 352 1372 394; x_wconf 88' lang='lat' dir='ltr'>Dom.</span> <span class='ocrx_word' id='word_1_11' title='bbox 1394 353 1544 397; x_wconf 87' lang='lat' dir='ltr'>Dom.</span> 
     </span>
     <span class='ocr_line' id='line_1_3' title="bbox 253 430 1548 500; baseline -0.002 -17"><span class='ocrx_word' id='word_1_12' title='bbox 253 430 554 500; x_wconf 70' lang='lat' dir='ltr'>Desmmefi,</span> <span class='ocrx_word' id='word_1_13' title='bbox 591 437 754 480; x_wconf 76' lang='lat' dir='ltr'>Sturm</span> <span class='ocrx_word' id='word_1_14' title='bbox 791 444 840 478; x_wconf 89' lang='lat' dir='ltr'>et</span> <span class='ocrx_word' id='word_1_15' title='bbox 878 433 1008 479; x_wconf 78' lang='lat' dir='ltr'>Dahl</span> <span class='ocrx_word' id='word_1_16' title='bbox 1038 435 1165 480; x_wconf 88' lang='lat' dir='ltr'>hanc</span> <span class='ocrx_word' id='word_1_17' title='bbox 1201 433 1404 495; x_wconf 87' lang='lat' dir='ltr'>speciem</span> <span class='ocrx_word' id='word_1_18' title='bbox 1448 452 1548 482; x_wconf 89' lang='lat' dir='ltr'>me-</span> 
     </span>
     <span class='ocr_line' id='line_1_4' title="bbox 255 519 1550 584; baseline -0.002 -15"><span class='ocrx_word' id='word_1_19' title='bbox 255 539 370 569; x_wconf 91' lang='lat' dir='ltr'>cum</span> <span class='ocrx_word' id='word_1_20' title='bbox 400 519 918 569; x_wconf 84' lang='lat' dir='ltr'>communicauerunt.</span> <span class='ocrx_word' id='word_1_21' title='bbox 982 523 1130 565; x_wconf 89' lang='lat' dir='ltr'>Dom.</span> <span class='ocrx_word' id='word_1_22' title='bbox 1153 521 1285 566; x_wconf 78' lang='lat' dir='ltr'>Dahl</span> <span class='ocrx_word' id='word_1_23' title='bbox 1308 521 1429 584; x_wconf 79' lang='lat' dir='ltr'>legit</span> <span class='ocrx_word' id='word_1_24' title='bbox 1452 520 1550 584; x_wconf 88' lang='lat' dir='ltr'>spe·</span> 
     </span>
     <span class='ocr_line' id='line_1_5' title="bbox 257 603 1550 670; baseline -0.002 -15"><span class='ocrx_word' id='word_1_25' title='bbox 257 609 440 656; x_wconf 87' lang='lat' dir='ltr'>cimina</span> <span class='ocrx_word' id='word_1_26' title='bbox 459 609 601 670; x_wconf 88' lang='lat' dir='ltr'>plura</span> <span class='ocrx_word' id='word_1_27' title='bbox 626 603 955 668; x_wconf 82' lang='lat' dir='ltr'>Brunsuigae,</span> <span class='ocrx_word' id='word_1_28' title='bbox 993 604 1043 650; x_wconf 88' lang='lat' dir='ltr'>in</span> <span class='ocrx_word' id='word_1_29' title='bbox 1067 606 1291 669; x_wconf 85' lang='lat' dir='ltr'>gramine</span> <span class='ocrx_word' id='word_1_30' title='bbox 1314 607 1370 651; x_wconf 85' lang='lat' dir='ltr'>ad</span> <span class='ocrx_word' id='word_1_31' title='bbox 1394 605 1550 655; x_wconf 76' lang='lat' dir='ltr'>fossas,</span> 
     </span>
    </p>

    <p class='ocr_par' dir='ltr' id='par_1_3' title="bbox 262 690 1573 1952">
     <span class='ocr_line' id='line_1_6' title="bbox 330 690 1553 758; baseline 0.001 -19"><span class='ocrx_word' id='word_1_32' title='bbox 330 694 572 758; x_wconf 85' lang='lat' dir='ltr'>Quamuis</span> <span class='ocrx_word' id='word_1_33' title='bbox 605 703 769 737; x_wconf 83' lang='lat' dir='ltr'>autem</span> <span class='ocrx_word' id='word_1_34' title='bbox 802 691 970 736; x_wconf 83' lang='lat' dir='ltr'>omnia</span> <span class='ocrx_word' id='word_1_35' title='bbox 1005 708 1129 753; x_wconf 86' lang='lat' dir='ltr'>quae</span> <span class='ocrx_word' id='word_1_36' title='bbox 1154 691 1257 739; x_wconf 77' lang='lat' dir='ltr'>vidi</span> <span class='ocrx_word' id='word_1_37' title='bbox 1285 690 1553 752; x_wconf 82' lang='lat' dir='ltr'>specimina</span> 
     </span>
     <span class='ocr_line' id='line_1_7' title="bbox 262 775 1556 838; baseline -0.004 -10"><span class='ocrx_word' id='word_1_38' title='bbox 262 781 323 828; x_wconf 82' lang='lat' dir='ltr'>ad</span> <span class='ocrx_word' id='word_1_39' title='bbox 368 797 521 828; x_wconf 78' lang='lat' dir='ltr'>Vnam</span> <span class='ocrx_word' id='word_1_40' title='bbox 570 777 874 838; x_wconf 81' lang='lat' dir='ltr'>eandemque</span> <span class='ocrx_word' id='word_1_41' title='bbox 914 775 1121 838; x_wconf 86' lang='lat' dir='ltr'>speciem</span> <span class='ocrx_word' id='word_1_42' title='bbox 1158 777 1408 824; x_wconf 86' lang='lat' dir='ltr'>reserenda</span> <span class='ocrx_word' id='word_1_43' title='bbox 1447 776 1556 836; x_wconf 85' lang='lat' dir='ltr'>sint,</span> 
     </span>
     <span class='ocr_line' id='line_1_8' title="bbox 264 861 1555 929; baseline 0.001 -17"><span class='ocrx_word' id='word_1_44' title='bbox 264 879 481 913; x_wconf 79' lang='lat' dir='ltr'><strong>attamen</strong></span> <span class='ocrx_word' id='word_1_45' title='bbox 512 864 749 929; x_wconf 88' lang='lat' dir='ltr'>quasdam</span> <span class='ocrx_word' id='word_1_46' title='bbox 781 861 988 908; x_wconf 86' lang='lat' dir='ltr'>obseruo</span> <span class='ocrx_word' id='word_1_47' title='bbox 1024 862 1324 911; x_wconf 84' lang='lat' dir='ltr'>differentias</span> <span class='ocrx_word' id='word_1_48' title='bbox 1346 864 1473 911; x_wconf 87' lang='lat' dir='ltr'>inter</span> <span class='ocrx_word' id='word_1_49' title='bbox 1498 869 1555 913; x_wconf 89' lang='grc' dir='ltr'>Ο.</span> 
     </span>
     <span class='ocr_line' id='line_1_9' title="bbox 263 951 1559 1018; baseline -0.002 -18"><span class='ocrx_word' id='word_1_50' title='bbox 263 954 549 1018; x_wconf 81' lang='lat' dir='ltr'>pallipede&#39;m</span> <span class='ocrx_word' id='word_1_51' title='bbox 583 951 914 1016; x_wconf 77' lang='lat' dir='ltr'>germanicum</span> <span class='ocrx_word' id='word_1_52' title='bbox 951 959 997 993; x_wconf 88' lang='lat' dir='ltr'>et</span> <span class='ocrx_word' id='word_1_53' title='bbox 1033 952 1087 996; x_wconf 86' lang='lat' dir='ltr'>O.</span> <span class='ocrx_word' id='word_1_54' title='bbox 1121 953 1414 1014; x_wconf 80' lang='lat' dir='ltr'>pallipedem</span> <span class='ocrx_word' id='word_1_55' title='bbox 1449 954 1559 1016; x_wconf 78' lang='lat' dir='ltr'>gal-</span> 
     </span>
     <span class='ocr_line' id='line_1_10' title="bbox 269 1036 1558 1098; baseline -0.003 -12"><span class='ocrx_word' id='word_1_56' title='bbox 269 1041 440 1089; x_wconf 81' lang='lat' dir='ltr'>licum.-</span> <span class='ocrx_word' id='word_1_57' title='bbox 490 1038 574 1085; x_wconf 88' lang='lat' dir='ltr'>Illi</span> <span class='ocrx_word' id='word_1_58' title='bbox 623 1036 802 1081; x_wconf 80' lang='lat' dir='ltr'>thorax</span> <span class='ocrx_word' id='word_1_59' title='bbox 847 1050 1024 1096; x_wconf 85' lang='lat' dir='ltr'>nempe</span> <span class='ocrx_word' id='word_1_60' title='bbox 1070 1038 1219 1098; x_wconf 86' lang='lat' dir='ltr'>paulo</span> <span class='ocrx_word' id='word_1_61' title='bbox 1267 1037 1558 1095; x_wconf 83' lang='lat' dir='ltr'>conuexior,</span> 
     </span>
     <span class='ocr_line' id='line_1_11' title="bbox 268 1118 1565 1188; baseline 0.002 -20"><span class='ocrx_word' id='word_1_62' title='bbox 268 1138 514 1188; x_wconf 85' lang='lat' dir='ltr'>punctura</span> <span class='ocrx_word' id='word_1_63' title='bbox 551 1123 700 1186; x_wconf 89' lang='lat' dir='ltr'>paulo</span> <span class='ocrx_word' id='word_1_64' title='bbox 737 1119 967 1166; x_wconf 86' lang='lat' dir='ltr'>subtilior</span> <span class='ocrx_word' id='word_1_65' title='bbox 1003 1118 1089 1177; x_wconf 85' lang='lat' dir='ltr'>est,</span> <span class='ocrx_word' id='word_1_66' title='bbox 1139 1122 1335 1182; x_wconf 86' lang='lat' dir='ltr'>punctis</span> <span class='ocrx_word' id='word_1_67' title='bbox 1382 1123 1565 1183; x_wconf 84' lang='lat' dir='ltr'>elytro-</span> 
     </span>
     <span class='ocr_line' id='line_1_12' title="bbox 270 1205 1562 1272; baseline -0.001 -15"><span class='ocrx_word' id='word_1_68' title='bbox 270 1228 383 1258; x_wconf 86' lang='lat' dir='ltr'>rum</span> <span class='ocrx_word' id='word_1_69' title='bbox 415 1212 577 1257; x_wconf 91' lang='lat' dir='ltr'>adhuc</span> <span class='ocrx_word' id='word_1_70' title='bbox 612 1209 815 1272; x_wconf 87' lang='lat' dir='ltr'>quidem</span> <span class='ocrx_word' id='word_1_71' title='bbox 851 1205 1119 1264; x_wconf 74' lang='lat' dir='ltr'>distinctis,</span> <span class='ocrx_word' id='word_1_72' title='bbox 1159 1209 1372 1256; x_wconf 79' lang='lat' dir='ltr'>thoracis</span> <span class='ocrx_word' id='word_1_73' title='bbox 1394 1221 1562 1256; x_wconf 89' lang='lat' dir='ltr'>autem</span> 
     </span>
     <span class='ocr_line' id='line_1_13' title="bbox 272 1293 1564 1356; baseline -0.001 -14"><span class='ocrx_word' id='word_1_74' title='bbox 272 1295 630 1350; x_wconf 80' lang='lat' dir='ltr'>subtilisfimis3</span> <span class='ocrx_word' id='word_1_75' title='bbox 680 1294 810 1340; x_wconf 90' lang='lat' dir='ltr'>sulca</span> <span class='ocrx_word' id='word_1_76' title='bbox 850 1293 1063 1338; x_wconf 78' lang='lat' dir='ltr'>thoracis</span> <span class='ocrx_word' id='word_1_77' title='bbox 1102 1293 1399 1356; x_wconf 86' lang='lat' dir='ltr'>quibusdam</span> <span class='ocrx_word' id='word_1_78' title='bbox 1435 1296 1564 1342; x_wconf 88' lang='lat' dir='ltr'>indi·</span> 
     </span>
     <span class='ocr_line' id='line_1_14' title="bbox 272 1378 1567 1441; baseline 0.001 -12"><span class='ocrx_word' id='word_1_79' title='bbox 272 1382 440 1429; x_wconf 79' lang='lat' dir='ltr'>viduis</span> <span class='ocrx_word' id='word_1_80' title='bbox 491 1382 707 1428; x_wconf 85' lang='lat' dir='ltr'>obsoleta</span> <span class='ocrx_word' id='word_1_81' title='bbox 755 1380 848 1435; x_wconf 84' lang='lat' dir='ltr'>est,</span> <span class='ocrx_word' id='word_1_82' title='bbox 896 1378 1195 1441; x_wconf 83' lang='lat' dir='ltr'>quibusdam</span> <span class='ocrx_word' id='word_1_83' title='bbox 1243 1383 1453 1430; x_wconf 88' lang='lat' dir='ltr'>omnino</span> <span class='ocrx_word' id='word_1_84' title='bbox 1486 1402 1567 1430; x_wconf 79' lang='lat' dir='ltr'>ex-</span> 
     </span>
     <span class='ocr_line' id='line_1_15' title="bbox 274 1466 1567 1532; baseline 0.001 -19"><span class='ocrx_word' id='word_1_85' title='bbox 274 1469 427 1515; x_wconf 82' lang='lat' dir='ltr'>tincta</span> <span class='ocrx_word' id='word_1_86' title='bbox 442 1505 454 1525; x_wconf 88' lang='lat'>‚</span> <span class='ocrx_word' id='word_1_87' title='bbox 491 1470 698 1532; x_wconf 87' lang='lat' dir='ltr'>eiusque</span> <span class='ocrx_word' id='word_1_88' title='bbox 719 1469 829 1513; x_wconf 88' lang='lat' dir='ltr'>loco</span> <span class='ocrx_word' id='word_1_89' title='bbox 850 1466 977 1511; x_wconf 88' lang='lat' dir='ltr'>linea</span> <span class='ocrx_word' id='word_1_90' title='bbox 994 1466 1154 1513; x_wconf 86' lang='lat' dir='ltr'>nitida</span> <span class='ocrx_word' id='word_1_91' title='bbox 1174 1467 1388 1516; x_wconf 88' lang='lat' dir='ltr'>obsoleta</span> <span class='ocrx_word' id='word_1_92' title='bbox 1406 1468 1567 1530; x_wconf 86' lang='lat' dir='ltr'>super-</span> 
     </span>
     <span class='ocr_line' id='line_1_16' title="bbox 279 1553 1565 1619; baseline 0 -19"><span class='ocrx_word' id='word_1_93' title='bbox 279 1553 358 1600; x_wconf 80' lang='lat' dir='ltr'>est.</span> <span class='ocrx_word' id='word_1_94' title='bbox 441 1554 657 1602; x_wconf 88' lang='lat' dir='ltr'>Obseruo</span> <span class='ocrx_word' id='word_1_95' title='bbox 704 1554 855 1600; x_wconf 83' lang='lat' dir='ltr'>etiam</span> <span class='ocrx_word' id='word_1_96' title='bbox 911 1553 964 1598; x_wconf 89' lang='lat' dir='ltr'>in</span> <span class='ocrx_word' id='word_1_97' title='bbox 1009 1555 1063 1600; x_wconf 84' lang='grc' dir='ltr'>Ο.</span> <span class='ocrx_word' id='word_1_98' title='bbox 1114 1555 1351 1617; x_wconf 80' lang='lat' dir='ltr'>pallipede</span> <span class='ocrx_word' id='word_1_99' title='bbox 1384 1556 1565 1619; x_wconf 72' lang='lat' dir='ltr'>gallico</span> 
     </span>
     <span class='ocr_line' id='line_1_17' title="bbox 276 1640 1568 1702; baseline -0.001 -17"><span class='ocrx_word' id='word_1_100' title='bbox 276 1651 463 1701; x_wconf 82' lang='lat' dir='ltr'>puncta</span> <span class='ocrx_word' id='word_1_101' title='bbox 508 1641 609 1688; x_wconf 90' lang='lat' dir='ltr'>duo</span> <span class='ocrx_word' id='word_1_102' title='bbox 657 1643 845 1688; x_wconf 86' lang='lat' dir='ltr'>maiora</span> <span class='ocrx_word' id='word_1_103' title='bbox 895 1641 947 1685; x_wconf 88' lang='lat' dir='ltr'>in</span> <span class='ocrx_word' id='word_1_104' title='bbox 978 1640 1114 1685; x_wconf 87' lang='lat' dir='ltr'>disco</span> <span class='ocrx_word' id='word_1_105' title='bbox 1153 1640 1392 1697; x_wconf 84' lang='lat' dir='ltr'>thoracis,</span> <span class='ocrx_word' id='word_1_106' title='bbox 1443 1656 1568 1702; x_wconf 82' lang='lat' dir='ltr'>quae</span> 
     </span>
     <span class='ocr_line' id='line_1_18' title="bbox 281 1724 1570 1793; baseline -0.003 -18"><span class='ocrx_word' id='word_1_107' title='bbox 281 1730 562 1793; x_wconf 78' lang='lat' dir='ltr'>germanico</span> <span class='ocrx_word' id='word_1_108' title='bbox 589 1727 667 1773; x_wconf 88' lang='lat' dir='ltr'>vel</span> <span class='ocrx_word' id='word_1_109' title='bbox 691 1726 900 1773; x_wconf 87' lang='lat' dir='ltr'>omnino</span> <span class='ocrx_word' id='word_1_110' title='bbox 922 1725 1121 1782; x_wconf 86' lang='lat' dir='ltr'>desunt,</span> <span class='ocrx_word' id='word_1_111' title='bbox 1159 1727 1264 1782; x_wconf 86' lang='lat' dir='ltr'>vel,</span> <span class='ocrx_word' id='word_1_112' title='bbox 1292 1737 1340 1771; x_wconf 87' lang='lat' dir='ltr'>et</span> <span class='ocrx_word' id='word_1_113' title='bbox 1365 1724 1570 1786; x_wconf 85' lang='lat' dir='ltr'>quidem</span> 
     </span>
     <span class='ocr_line' id='line_1_19' title="bbox 282 1810 1573 1874; baseline -0.001 -16"><span class='ocrx_word' id='word_1_114' title='bbox 282 1813 637 1874; x_wconf 82' lang='lat' dir='ltr'>speciminibus</span> <span class='ocrx_word' id='word_1_115' title='bbox 672 1813 801 1868; x_wconf 83' lang='lat' dir='ltr'>illis,</span> <span class='ocrx_word' id='word_1_116' title='bbox 847 1811 1031 1874; x_wconf 83' lang='lat' dir='ltr'>quihus</span> <span class='ocrx_word' id='word_1_117' title='bbox 1066 1810 1194 1856; x_wconf 85' lang='lat' dir='ltr'>sulca</span> <span class='ocrx_word' id='word_1_118' title='bbox 1234 1811 1573 1874; x_wconf 80' lang='lat' dir='ltr'>longitudina-</span> 
     </span>
     <span class='ocr_line' id='line_1_20' title="bbox 281 1895 1433 1952; baseline -0.003 -8"><span class='ocrx_word' id='word_1_119' title='bbox 281 1898 344 1944; x_wconf 84' lang='lat' dir='ltr'>lis</span> <span class='ocrx_word' id='word_1_120' title='bbox 375 1897 588 1945; x_wconf 82' lang='lat' dir='ltr'>thoracis</span> <span class='ocrx_word' id='word_1_121' title='bbox 623 1896 831 1944; x_wconf 89' lang='lat' dir='ltr'>omnino</span> <span class='ocrx_word' id='word_1_122' title='bbox 866 1895 1017 1952; x_wconf 84' lang='lat' dir='ltr'>deest,</span> <span class='ocrx_word' id='word_1_123' title='bbox 1054 1895 1269 1942; x_wconf 87' lang='lat' dir='ltr'>obsoleta</span> <span class='ocrx_word' id='word_1_124' title='bbox 1306 1895 1433 1942; x_wconf 88' lang='lat' dir='ltr'>sunt.</span> 
     </span>
    </p>

    <p class='ocr_par' dir='ltr' id='par_1_4' title="bbox 223 1979 1575 2130">
     <span class='ocr_line' id='line_1_21' title="bbox 223 1979 1575 2046; baseline -0.001 -15"><span class='ocrx_word' id='word_1_125' title='bbox 223 1997 296 2041; x_wconf 84' lang='lat'>13.</span> <span class='ocrx_word' id='word_1_126' title='bbox 335 1986 390 2030; x_wconf 88' lang='lat' dir='ltr'>O.</span> <span class='ocrx_word' id='word_1_127' title='bbox 425 1985 597 2046; x_wconf 81' lang='lat' dir='ltr'>latipes</span> <span class='ocrx_word' id='word_1_128' title='bbox 635 1983 794 2044; x_wconf 86' lang='lat' dir='ltr'>palpis</span> <span class='ocrx_word' id='word_1_129' title='bbox 831 1979 1178 2038; x_wconf 82' lang='lat' dir='ltr'>filiformibus,</span> <span class='ocrx_word' id='word_1_130' title='bbox 1224 1981 1359 2028; x_wconf 85' lang='lat' dir='ltr'>haud</span> <span class='ocrx_word' id='word_1_131' title='bbox 1393 1984 1575 2030; x_wconf 86' lang='lat' dir='ltr'>acumi-</span> 
     </span>
     <span class='ocr_line' id='line_1_22' title="bbox 282 2067 1159 2130; baseline -0.003 -15"><span class='ocrx_word' id='word_1_132' title='bbox 282 2069 437 2123; x_wconf 81' lang='lat' dir='ltr'>nati53</span> <span class='ocrx_word' id='word_1_133' title='bbox 471 2069 667 2114; x_wconf 83' lang='lat' dir='ltr'>thorace</span> <span class='ocrx_word' id='word_1_134' title='bbox 699 2067 877 2130; x_wconf 86' lang='lat' dir='ltr'>postice</span> <span class='ocrx_word' id='word_1_135' title='bbox 913 2078 1159 2113; x_wconf 86' lang='lat' dir='ltr'>truncato.</span> 
     </span>
    </p>

    <p class='ocr_par' dir='ltr' id='par_1_5' title="bbox 347 2154 732 2220">
     <span class='ocr_line' id='line_1_23' title="bbox 347 2154 732 2220; baseline 0.003 -21"><span class='ocrx_word' id='word_1_136' title='bbox 347 2159 506 2219; x_wconf 77' lang='lat' dir='ltr'>Long.</span> <span class='ocrx_word' id='word_1_137' title='bbox 547 2158 603 2220; x_wconf 52' lang='grc' dir='ltr'>εξ</span> <span class='ocrx_word' id='word_1_138' title='bbox 640 2154 732 2200; x_wconf 87' lang='lat' dir='ltr'>lin.</span> 
     </span>
    </p>

    <p class='ocr_par' dir='ltr' id='par_1_6' title="bbox 349 2236 1334 2302">
     <span class='ocr_line' id='line_1_24' title="bbox 349 2236 1334 2302; baseline -0.002 -16"><span class='ocrx_word' id='word_1_139' title='bbox 349 2244 532 2302; x_wconf 81' lang='lat' dir='ltr'>Corpus</span> <span class='ocrx_word' id='word_1_140' title='bbox 567 2239 815 2296; x_wconf 86' lang='lat' dir='ltr'>nitidum,</span> <span class='ocrx_word' id='word_1_141' title='bbox 854 2236 955 2285; x_wconf 86' lang='lat' dir='ltr'>fere</span> <span class='ocrx_word' id='word_1_142' title='bbox 990 2236 1334 2298; x_wconf 87' lang='lat' dir='ltr'>cylindricum.</span> 
     </span>
    </p>

    <p class='ocr_par' dir='ltr' id='par_1_7' title="bbox 282 2322 1583 2732">
     <span class='ocr_line' id='line_1_25' title="bbox 351 2322 1577 2389; baseline -0.001 -17"><span class='ocrx_word' id='word_1_143' title='bbox 351 2330 510 2389; x_wconf 75' lang='lat' dir='ltr'>Caput</span> <span class='ocrx_word' id='word_1_144' title='bbox 555 2322 1008 2381; x_wconf 84' lang='lat' dir='ltr'>suborbiculatum,</span> <span class='ocrx_word' id='word_1_145' title='bbox 1070 2325 1283 2370; x_wconf 85' lang='lat' dir='ltr'>thoracis</span> <span class='ocrx_word' id='word_1_146' title='bbox 1330 2324 1577 2388; x_wconf 79' lang='lat' dir='ltr'>magnitu-</span> 
     </span>
     <span class='ocr_line' id='line_1_26' title="bbox 282 2407 1578 2477; baseline -0.003 -16"><span class='ocrx_word' id='word_1_147' title='bbox 282 2414 423 2469; x_wconf 83' lang='lat' dir='ltr'>dine,</span> <span class='ocrx_word' id='word_1_148' title='bbox 482 2413 715 2477; x_wconf 85' lang='lat' dir='ltr'>nigrum‚</span> <span class='ocrx_word' id='word_1_149' title='bbox 771 2421 1045 2471; x_wconf 88' lang='lat' dir='ltr'>punctum,</span> <span class='ocrx_word' id='word_1_150' title='bbox 1099 2411 1159 2455; x_wconf 85' lang='lat' dir='ltr'>ad</span> <span class='ocrx_word' id='word_1_151' title='bbox 1210 2407 1343 2455; x_wconf 82' lang='lat' dir='ltr'>basin</span> <span class='ocrx_word' id='word_1_152' title='bbox 1399 2409 1578 2457; x_wconf 73' lang='lat' dir='ltr'>leuius.</span> 
     </span>
     <span class='ocr_line' id='line_1_27' title="bbox 285 2494 1581 2559; baseline -0.005 -12"><span class='ocrx_word' id='word_1_153' title='bbox 285 2497 456 2547; x_wconf 85' lang='lat' dir='ltr'>Oculis</span> <span class='ocrx_word' id='word_1_154' title='bbox 506 2497 671 2559; x_wconf 87' lang='lat' dir='ltr'>paruis</span> <span class='ocrx_word' id='word_1_155' title='bbox 725 2497 1023 2542; x_wconf 85' lang='lat' dir='ltr'>lateralibus.</span> <span class='ocrx_word' id='word_1_156' title='bbox 1116 2494 1273 2541; x_wconf 89' lang='lat' dir='ltr'>Labio</span> <span class='ocrx_word' id='word_1_157' title='bbox 1323 2496 1581 2557; x_wconf 86' lang='lat' dir='ltr'>palpisque</span> 
     </span>
     <span class='ocr_line' id='line_1_28' title="bbox 286 2579 1578 2646; baseline -0.006 -15"><span class='ocrx_word' id='word_1_158' title='bbox 286 2584 422 2631; x_wconf 78' lang='lat' dir='ltr'>rufis.</span> <span class='ocrx_word' id='word_1_159' title='bbox 486 2582 731 2630; x_wconf 86' lang='lat' dir='ltr'>Antennis</span> <span class='ocrx_word' id='word_1_160' title='bbox 767 2582 924 2642; x_wconf 86' lang='lat' dir='ltr'>capite</span> <span class='ocrx_word' id='word_1_161' title='bbox 954 2580 1284 2646; x_wconf 80' lang='lat' dir='ltr'>longioribus,</span> <span class='ocrx_word' id='word_1_162' title='bbox 1320 2579 1578 2642; x_wconf 85' lang='lat' dir='ltr'>pilosellis,</span> 
     </span>
     <span class='ocr_line' id='line_1_29' title="bbox 288 2664 1583 2732; baseline -0.005 -14"><span class='ocrx_word' id='word_1_163' title='bbox 288 2670 436 2725; x_wconf 77' lang='lat' dir='ltr'>rufis3</span> <span class='ocrx_word' id='word_1_164' title='bbox 494 2669 705 2717; x_wconf 86' lang='lat' dir='ltr'>articulo</span> <span class='ocrx_word' id='word_1_165' title='bbox 752 2668 914 2732; x_wconf 84' lang='lat' dir='ltr'>primo</span> <span class='ocrx_word' id='word_1_166' title='bbox 959 2668 1156 2715; x_wconf 88' lang='lat' dir='ltr'>clauato</span> <span class='ocrx_word' id='word_1_167' title='bbox 1204 2665 1462 2731; x_wconf 81' lang='lat' dir='ltr'>longiore3</span> <span class='ocrx_word' id='word_1_168' title='bbox 1516 2664 1583 2711; x_wconf 88' lang='lat' dir='ltr'>se-</span> 
     </span>
    </p>

    <p class='ocr_par' dir='ltr' id='par_1_8' title="bbox 1413 2751 1578 2797">
     <span class='ocr_line' id='line_1_30' title="bbox 1413 2751 1578 2797; baseline -0.006 0"><span class='ocrx_word' id='word_1_169' title='bbox 1413 2751 1578 2797; x_wconf 86' lang='lat' dir='ltr'>cundo</span> 
     </span>
    </p>
   </div>
  </div>
 </body>
</html>
