1620 3064
225 232 326 269 XVI
744 228 1064 264 PRAEFATIO.

571 339 650 389 Ad
683 358 730 406 p.
754 344 924 390 XLIV.
958 350 1085 406 part.
1123 336 1233 404 sup.

324 431 466 478 Loco
525 426 847 475 canaliculae
900 426 1215 496 marginalis
1274 423 1587 492 Staphylino

223 516 448 565 dilatato
484 524 679 580 puncta
714 514 919 561 minuta
954 511 1192 578 impreffa
1227 510 1361 560 sunt.

593 598 671 649 Ad
703 616 751 664 p.
773 602 918 649 XLV.
954 610 1082 664 part.
1117 597 1211 647 inf.

336 685 545 739 Thorax
601 689 801 734 conicus
851 685 883 733 i.
922 703 964 733 e.
1013 685 1113 732 basi
1155 688 1317 745 latus,
1382 686 1586 752 apicem

222 774 405 825 versus
450 771 601 820 valde
631 770 954 838 angustatus,
1002 771 1137 820 inter
1173 773 1351 821 omnia
1385 772 1587 822 Micro·

220 873 367 929 ptera
397 859 495 910 soli
533 861 604 909 St.
638 855 878 929 fulgenti
909 858 1158 923 proprius
1193 856 1276 907 est.

536 944 626 1005 lAd
664 962 712 1010 p.
736 946 909 994 XLVI.
945 954 1073 1008 part.
1114 943 1251 992 med.

322 1040 404 1082 De
438 1027 676 1102 seriebus
716 1029 1023 1095 punctorum
1067 1030 1294 1081 thoracis
1335 1030 1491 1097 supra
1523 1031 1584 1081 in

220 1120 555 1171 adnotatione
590 1116 655 1164 ad
686 1134 735 1182 p.
757 1120 883 1165 XIX.
920 1115 1174 1181 quaedam
1209 1118 1311 1166 iam
1342 1119 1548 1167 monui.

546 1202 625 1252 Ad
659 1220 706 1268 p.
732 1206 927 1252 XLVII.
959 1214 1087 1268 part.
1121 1203 1261 1252 med.
1372 1262 1375 1263 ⁷

328 1289 640 1356 Staplzylino
668 1284 893 1353 fienoz'di
941 1289 1126 1336 thorax
1168 1288 1235 1338 est
1280 1291 1337 1339 in
1377 1293 1582 1358 angulis

221 1379 380 1445 apicis
402 1376 815 1441 multipunctus‚
852 1386 1111 1440 praeterea
1137 1378 1344 1441 punctis
1366 1378 1582 1441 quibus-

222 1464 343 1514 dam
403 1461 579 1529 lparfis
639 1460 927 1509 maioribus
978 1460 1279 1527 impressus,
1350 1462 1581 1514 seriebus

218 1561 397 1599 autem
428 1547 717 1598 dorsalibus
749 1548 1057 1613 sexpunctis.

567 1633 646 1684 Ad
678 1652 725 1699 p.
749 1637 897 1683 LVII.
933 1645 1061 1698 part.
1094 1633 1232 1682 med.

329 1720 571 1786 Oxytelis
600 1718 898 1767 minoribus
928 1719 1084 1767 tibiae
1112 1719 1234 1768 funt
1265 1722 1437 1771 multo
1465 1740 1580 1789 gra-

220 1807 426 1857 ciliores
473 1817 524 1854 et
571 1807 750 1854 minus
795 1803 1028 1869 spinosae
1068 1821 1227 1868 quam
1270 1809 1575 1870 maioribus,

218 1893 362 1942 tibiis
390 1902 616 1941 attamen
637 1891 1036 1940 Aleochararum
1060 1889 1257 1956 [emper
1281 1893 1575 1945 validiores.

600 1975 680 2026 Ad
712 1994 760 2042 p.
780 1980 904 2025 LIX.
937 1988 1063 2041 part.
1099 1977 1194 2024 inf.

326 2063 560 2132 Vnguis,
607 2061 699 2110 feu
742 2063 958 2126 quintus
1002 2062 1263 2114 tarsorum
1307 2067 1577 2129 articulus,

219 2165 345 2198 cum
405 2150 551 2214 apice
608 2148 816 2196 articuli
872 2149 1044 2212 quarti
1091 2150 1366 2201 cohaerere
1420 2152 1578 2215 l'olet3

218 2232 496 2299 Pinoplzilo
551 2236 718 2298 (nunc
768 2232 1055 2283 Latlzrobio
1099 2234 1353 2301 latipede)
1399 2249 1577 2288 autem

218 2319 323 2370 bafi
356 2319 564 2370 articuli
597 2319 769 2386 quarti
799 2317 1021 2369 insertus
1052 2318 1135 2369 est.

731 2538 1083 2557 *—

1395 2738 1572 2782 Gsmvs
