1620 3064
422 196 501 239 Vl.
539 190 821 239 Aleochara.
857 196 903 239 F.
927 195 989 239 11.
1316 207 1403 252 151

196 314 376 362 Confer
411 328 584 362 notam
618 315 678 362 ad
712 333 758 361 n.
780 329 823 371 3.

191 400 417 458 Habitat,
451 400 614 464 primo
648 417 786 459 vere,
824 400 912 447 sub
948 399 1186 465 gramine.

61 548 103 591 7.
143 536 201 578 A.
225 528 498 596 sulcanda,
546 535 742 579 thorace
787 533 1013 588 cordato,
1060 531 1203 579 fouea
1240 533 1401 583 media

121 616 478 679 longitudinali
520 615 774 679 impreff03
817 617 1078 680 coieoptris
1123 620 1401 679 quadratis;

125 700 465 763 nigro-fusca,
513 700 694 757 nitida,
736 701 941 763 pedibus
977 714 1416 768 antennarumque'

121 785 217 832 basi
252 783 480 831 testaceis.

187 875 319 917 Haec
374 869 550 932 speeies
595 869 901 931 praecedenti
943 871 1062 917 adeo
1103 870 1272 918 fimilis
1316 871 1395 931 est,

84 940 87 941 ⁷
122 969 179 1003 vt
225 974 329 1003 eam
373 972 458 1016 pro
494 971 623 999 mera
660 955 764 1002 eius
801 953 1032 1001 varietate
1066 957 1241 1003 habere
1276 960 1397 1005 mal·

119 1042 234 1087 lem.
306 1039 484 1087 Differt
520 1038 694 1087 statura
732 1040 879 1101 paulo
916 1040 1196 1103 graciliore,
1233 1043 1397 1090 nitore

118 1127 292 1172 sericeo
344 1125 627 1181 deficiente,
686 1127 851 1172 colore
901 1126 1048 1185 paulo
1097 1126 1393 1188 obscuriore,

118 1212 273 1271 capite
336 1212 484 1271 paulo
542 1211 750 1257 minore.
842 1214 992 1256 Dom.
1046 1211 1177 1258 Prof.
1229 1214 1397 1261 Knoclz

113 1294 297 1356 scripsit
333 1297 458 1341 mihi
494 1308 683 1351 autem,
723 1294 792 1351 se,
830 1294 1004 1340 multis
1040 1294 1187 1340 huius
1216 1297 1392 1357 speciei

116 1380 420 1437 indiuiduis,
491 1382 683 1427 nullam
741 1380 1023 1426 varietatem
1089 1382 1393 1447 nullumque

115 1463 371 1510 transitum
407 1464 459 1509 in
493 1468 570 1512 Al.
584 1461 829 1530 sulcatam
860 1463 1140 1511 obseruaffe.

182 1549 385 1595 Habitat
429 1549 751 1613 Brunsuigae,
802 1550 862 1595 ad
897 1550 1022 1610 ripas
1059 1547 1292 1598 foffarum
1336 1554 1391 1602 i2n

111 1635 288 1695 pratis,
327 1633 414 1679 sub
451 1634 670 1697 gramine
701 1661 765 1670 —
793 1633 946 1682 Dalzl«

173 1722 236 1766 A.
249 1715 495 1784 sulcatula
528 1745 595 1754 -
626 1717 806 1765 Knoch.

45 1854 93 1899 8.
128 1845 189 1889 Λ.
210 1841 407 1906 obscura
438 1846 511 1889 Μ.
545 1860 591 1905 p.
615 1852 693 1900 74.
730 1843 926 1889 thorace
961 1842 1181 1902 cordato,
1223 1846 1388 1894 subfo-

112 1927 335 1982 veolato;
378 1927 644 1989 coleoptris
682 1926 999 1982 transuerfis5
1043 1929 1385 1993 nigro-fusca,

113 2011 439 2069 subsericam,
490 2012 719 2059 antennis
765 2012 937 2072 elytris
969 2013 1274 2077 pedibusque
1308 2034 1388 2062 ru-

105 2094 419 2144 sescentibus.

172 2184 304 2228 Haec
340 2181 517 2242 species
554 2194 603 2229 et
638 2181 761 2228 duae
796 2181 1165 2243 praecedentes,
1212 2199 1236 2228 a
1275 2183 1385 2246 qui-

109 2266 202 2312 bus
238 2267 355 2312 haec
391 2266 638 2329 imprimis
674 2267 938 2332 coleoptris
977 2265 1257 2314 transuersis
1290 2269 1383 2315 dif-

111 2349 231 2406 fert,
279 2362 494 2397 attamen
528 2351 890 2399 obseruationes
927 2353 1084 2398 adhuc
1117 2354 1385 2399 accuratio-

109 2451 182 2480 res
216 2446 263 2479 et
299 2435 352 2480 in
388 2435 611 2496 pluribus
648 2437 946 2493 indiuiduis,
969 2426 972 2431 Α
994 2437 1301 2496 temporibus
1333 2450 1382 2484 et

111 2517 234 2564 locis
271 2517 469 2566 diuerfis
505 2522 680 2582 captis,
714 2525 997 2586 requirunt,
1032 2537 1132 2585 quo
1167 2523 1226 2568 de
1249 2521 1385 2569 diffe-

105 2603 268 2650 rentia
315 2615 401 2651 aut
438 2604 694 2653 identitate
732 2606 947 2669 specifica
989 2623 1158 2654 earum
1202 2607 1385 2654 diiudi-

1282 2709 1383 2740 carl
