1620 3064
161 212 257 268 2561
530 213 613 258 VI.
651 211 949 260 Aleochczrcz.
988 217 1032 258 F.
1054 217 1140 260 III.

294 335 492 383 Thorax
532 335 813 396 rufescens,
858 338 1192 398 orbiculatus,
1237 342 1511 408 coleoptro-

216 441 332 472 rum
372 424 739 488 magnitudine.

285 526 548 589 Coleoptrcz
592 524 940 586 subquadrata,
988 523 1308 588 longitudine
1342 544 1509 591 perpa-

217 629 333 659 rum
383 613 583 668 latiora,
635 608 947 657 subtilissime
990 625 1202 674 puncta3
1244 615 1381 677 picea
1427 616 1509 663 vel

215 697 360 746 fusco
371 726 386 734 -
401 698 708 762 picescentia.

283 798 537 846 Abdomen
571 796 834 861 coleoptris
868 797 1148 862 quadruplo
1181 799 1403 865 longius,
1433 797 1507 845 ni-

213 885 568 952 gro-fuscum,
603 899 699 930 ano
734 881 955 931 testaceo.

279 985 431 1031 Pedes
472 982 675 1031 testacei.

279 1070 486 1118 Habitat
518 1069 850 1134 Brunffligae,
884 1068 945 1116 ad
970 1067 1136 1117 salices
1166 1097 1234 1106 -
1269 1069 1418 1117 Dahl.

144 1218 222 1262 23.
259 1207 333 1254 A.
364 1208 517 1252 Boleti
549 1207 623 1251 Μ.
658 1222 704 1267 p.
731 1217 808 1260 80.

279 1293 447 1340 Huius
464 1289 637 1351 speciei
650 1289 908 1336 varietates
923 1290 1198 1351 permultae
1217 1289 1268 1335 in
1286 1293 1357 1337 Μ.
1371 1302 1501 1352 p.31.

208 1379 477 1440 descriptae
506 1377 636 1422 sunt.
708 1379 812 1421 Iam
848 1374 972 1422 olim
1007 1380 1154 1423 Dom.
1175 1375 1306 1426 Prof.
1331 1376 1498 1423 Knoch

209 1465 569 1527 suspicabatur,
616 1463 700 1507 has
731 1463 991 1509 varietates
1027 1464 1079 1509 in
1116 1465 1280 1527 plures
1317 1463 1499 1526 species

203 1552 362 1616 redigi
418 1548 564 1613 poffe.
642 1553 769 1595 Cum
816 1561 1035 1595 attamen
1078 1550 1193 1597 illae
1240 1551 1496 1599 varietates

205 1637 382 1685 sensim
436 1653 534 1683 vna
585 1637 638 1681 in
683 1636 885 1681 alteram
934 1633 1219 1695 tranfirent‚
1285 1655 1359 1684 eas
1404 1655 1495 1700 pro

202 1725 352 1771 meris
374 1722 694 1770 varietatibus
716 1722 891 1767 habere
911 1738 990 1767 me
1004 1724 1275 1782 oportebat..
1347 1729 1496 1771 Nunc

202 1822 371 1857 autem
412 1809 578 1865 crede,
635 1808 755 1855 duas
802 1809 971 1855 saltem
1007 1808 1184 1870 species
1223 1811 1495 1871 peculiares

202 1913 230 1942 e
262 1895 579 1942 varietatibus
611 1896 684 1943 Al.
715 1896 880 1942 Boleti
909 1893 1143 1940 constitui
1163 1894 1314 1956 poffe,
1351 1897 1496 1944 cuius

205 1981 414 2030 affinitas
455 1993 648 2038 autem,
698 1981 1001 2029 exstantibus
1038 1981 1212 2027 multis
1246 1981 1496 2029 varietati-

203 2070 295 2116 bus
333 2067 670 2126 intermediis,
719 2067 986 2115 verifimile
1021 2085 1047 2113 e
1083 2069 1260 2129 copula
1290 2067 1496 2116 illarum

203 2156 351 2212 ortis,
402 2151 653 2199 manifesta
702 2152 779 2200 est.
816 2181 882 2189 —
952 2158 1142 2200 Harum
1189 2167 1354 2201 autem
1394 2155 1496 2218 spe·

201 2243 391 2289 cierum
441 2257 535 2288 vna
582 2241 662 2286 Al.
685 2242 863 2297 Boleti,
909 2240 1060 2286 altera
1092 2238 1334 2306 ALJungi
1367 2260 1493 2289 nun·

202 2341 425 2391 cupatur.
497 2327 683 2374 Ambae
724 2325 958 2372 victitant
989 2328 1042 2371 in
1078 2325 1278 2390 fungis,
1323 2328 1494 2375 ambae

197 2412 589 2478 frequentissime
622 2422 881 2459 occurunt.

167 2504 247 2550 Al.
283 2504 464 2557 Boleti,
524 2501 724 2546 thorace
773 2497 1168 2556 suborbioulato,
1225 2499 1492 2561 coleoptris

200 2587 481 2651 quadrati53
532 2585 749 2632 nitidula
797 2581 962 2648 nigra3
1010 2581 1104 2629 bati
1140 2596 1490 2642 antennarum,

199 2673 388 2735 palpis,
440 2671 676 2735 pedibus,
729 2669 1095 2733 coleoptrisque
1135 2668 1362 2732 pallidis,
1413 2668 1490 2716 his

1318 2766 1486 2800 auten!
