1620 3064
455 185 540 232 11⁹1.
575 183 898 251 Staphylinus.
937 189 988 233 F.
1008 189 1045 232 I.
1361 201 1422 246 85

211 310 406 358 Thorax
448 309 779 367 orbiculatas,
824 310 1012 372 apicem
1047 308 1216 358 versus
1246 312 1422 374 paulu-

137 396 246 441 lum
289 393 562 458 angustior,
614 395 876 459 coleoptris
923 397 1070 459 paulo
1102 396 1298 455 minor,
1343 397 1418 444 ni-

135 496 465 545 gro—aeneus,
497 478 722 528 distincte
752 497 794 538 2,
825 497 867 538 5,
901 492 932 539 4
961 492 1190 544 punctus.

199 569 457 630 Coleoptra
493 568 747 627 quadrata,
789 579 997 629 puncta,
1040 567 1157 629 pilis
1194 565 1416 616 tenuisfi-

131 651 230 698 mis
267 650 429 697 vestita
445 686 457 707 ,
494 652 639 714 nigro
656 679 666 686 -
685 651 927 697 subuiridi
942 680 956 687 -
973 669 1135 698 aenea.

195 735 444 783 Abdomen
488 735 750 798 coleoptris
788 737 937 798 triplo
971 737 1200 801 longius,
1247 736 1410 802 subpi-

128 819 372 867 losellum.

191 907 339 952 Pedes
377 904 531 969 nigri,
570 905 701 952 tarfis
738 905 1145 954 fuscescentibus.

93 989 276 1053 Species
309 992 614 1038 intermediae
650 992 778 1038 inter
821 994 956 1038 hunc
999 1002 1046 1036 et
1078 991 1241 1052 Staph.
1269 1007 1402 1053 prae-

121 1076 375 1122 cedentem
417 1076 731 1140 longitudine
779 1089 828 1122 et
874 1076 1050 1123 statura
1094 1076 1210 1123 sunt
1252 1077 1400 1122 inter·

118 1160 301 1215 media,
339 1161 493 1223 capite
525 1161 916 1218 suborbiculato,
954 1163 1145 1210 minore
1171 1181 1319 1225 quam
1342 1164 1398 1210 in

121 1245 195 1297 St.
226 1257 410 1300 atrato,
449 1248 632 1292 maiore
670 1264 819 1308 quam
853 1246 903 1292 in
945 1247 1015 1297 St.
1047 1251 1287 1306 variante,
1332 1247 1399 1295 se-

117 1331 279 1377 riebus
317 1330 586 1377 dorsalibus
624 1332 834 1378 thoracis
866 1333 943 1378 vel
965 1345 996 1392 4
1022 1334 1101 1379 vel
1125 1347 1150 1388 5
1171 1332 1395 1395 punctis;

118 1416 287 1475 elytris
321 1417 472 1478 magis
507 1416 738 1462 minusue
775 1416 1141 1463 viridi-aeneis.

83 1499 274 1564 Species
321 1503 624 1547 intermediae
668 1501 799 1545 inter
845 1501 912 1551 Sc.
949 1514 1162 1548 atratum
1197 1513 1244 1548 et
1278 1518 1394 1565 opa-

115 1601 221 1632 cum
256 1584 354 1631 iam
390 1586 477 1631 sub
513 1603 560 1632 n.
585 1599 661 1642 55.
695 1584 953 1647 descriptae
988 1586 1115 1632 sunt.

187 1672 256 1722 St.
293 1682 479 1717 atratus
524 1682 572 1715 et
618 1670 720 1714 eius
771 1671 1023 1716 varietates
1069 1671 1391 1720 intermediae

114 1769 379 1803 occurrunt
414 1754 579 1818 paffim
615 1754 667 1801 in
707 1758 966 1804 Germania
1003 1769 1051 1804 et
1081 1757 1253 1803 Gallia.

43 1854 120 1902 75.
158 1841 226 1893 St.
264 1853 468 1906 punctus
503 1845 575 1887 Μ.
612 1858 752 1904 p.20.

46 1930 123 1985 76.
165 1926 233 1977 St.
270 1930 446 1990 politus
479 1932 550 1974 M.
591 1946 634 1991 p.
660 1943 733 1986 17.

181 2010 250 2062 St.
282 2015 458 2075 politus
488 2015 621 2059 Linn.
659 2018 743 2060 Fn.
775 2015 909 2059 Suec.
947 2029 994 2057 n.
1023 2026 1135 2069 343.
1177 2029 1278 2058 non
1314 2013 1387 2058 so-

111 2097 219 2142 lum
262 2098 320 2142 ad
359 2097 431 2147 St.
469 2100 673 2161 politum
709 2114 883 2144 verum
924 2095 1002 2142 sed
1041 2097 1185 2144 etiam
1224 2099 1281 2144 ad
1316 2098 1380 2151 St.

107 2192 350 2238 atratum,
415 2182 577 2228 forsan
628 2183 780 2230 etiam
832 2183 892 2228 ad
942 2182 1012 2232 Sc.
1050 2185 1387 2247 cyanipennem

109 2268 181 2327 (n.
207 2271 305 2325 78.)
342 2266 513 2313 referri
545 2267 725 2330 pote[i;
761 2269 894 2330 quod
928 2269 1077 2314 etiam
1110 2269 1168 2312 de
1204 2268 1275 2317 St.
1301 2284 1386 2330 po·

109 2353 192 2396 lico
228 2364 484 2398 auctorum
520 2353 732 2400 aliorum
767 2355 903 2399 valet.

44 2450 120 2495 77.
158 2435 227 2485 Sc.
265 2438 461 2482 decorus
491 2440 562 2483 M.
601 2455 643 2499 p.
668 2455 738 2498 19·
777 2438 933 2484 variat
964 2437 1227 2482 abdomine
1255 2437 1388 2482 colo-

111 2521 243 2566 ribus
292 2521 815 2568 obscuro-metallicis
860 2535 1164 2580 aenescente,
1214 2534 1272 2569 vt
1311 2521 1385 2572 St.

111 2600 252 2670 tristis
287 2607 356 2667 (n.
385 2607 483 2666 11.)
517 2618 564 2652 et
596 2605 848 2672 rlficorziis
885 2611 952 2667 (n.
976 2610 1091 2670 12.).

1305 2704 1385 2750 78·
