1620 3064
517 178 604 221 III.
647 174 969 240 Staphylinus.
1356 196 1384 239 3
1389 195 1416 240 5

561 371 773 415 GEst
826 371 913 415 ΙΙΙ.

395 494 1076 541 STAPHYLINVS.

160 630 269 675 Hoc
303 641 483 691 geum,
529 625 663 688 quod
697 637 869 673 natura
905 643 931 673 a
965 627 1170 691 reliquis
1203 646 1406 696 cogene-

61 713 199 761 ribus
232 711 340 757 satis
377 707 621 767 distinxit,
656 710 831 757 habitu
851 714 1112 759 communi
1132 715 1406 778 specierum

61 813 316 859 nunquam
360 794 470 841 sane
507 811 623 840 cum
657 794 761 840 vllo
795 795 895 841 alio
928 813 1104 860 genere
1138 802 1404 867 Micropte-

60 899 229 931 rorum
281 879 631 928 confundetur.
735 880 950 927 Habitus
1005 884 1209 944 quidem
1266 899 1404 938 totus

56 966 336 1013 communis
371 966 606 1011 omnibus
639 965 887 1029 speciebus
922 966 1052 1014 idem
1089 968 1175 1026 est,
1213 971 1299 1016 vix
1320 990 1403 1020 au-

55 1064 156 1098 tem
203 1052 446 1098 character
491 1049 803 1097 distinctiuus
837 1065 1036 1098 eruetur
1067 1051 1306 1103 sufficiens
1340 1060 1402 1105 ad

51 1140 148 1185 hoc
178 1154 334 1201 genus
370 1136 429 1183 ab
467 1136 699 1183 omnibus
732 1137 937 1199 reliquis
975 1136 1398 1202 distinguendum.

52 1210 409 1280 Characteres‚‘
437 1224 524 1284 qui
565 1221 618 1267 in
665 1222 1084 1284 Micropterorum
1129 1224 1395 1286 systemate,

52 1325 184 1355 anno
209 1322 331 1364 1302
355 1308 628 1371 publicato,
661 1307 977 1370 Staphylinos
1003 1304 1278 1372 dessgnant,
1315 1314 1397 1359 hic

49 1410 151 1440 non
188 1392 416 1438 adhibere
447 1391 666 1455 possum,
712 1409 825 1438 nam
861 1395 929 1437 St.
975 1395 1129 1451 Ulmi,
1168 1397 1256 1456 qui
1287 1396 1394 1444 illic

50 1496 244 1525 nouum
281 1494 438 1542 genus
472 1477 665 1534 condit,
698 1477 793 1523 hoc
823 1475 1074 1536 systemate
1103 1481 1320 1526 naturali
1335 1482 1397 1527 ad

46 1563 365 1626 Staphylinos
416 1564 638 1609 redactus
685 1561 762 1609 est.
833 1562 1177 1609 Nihilominus
1221 1564 1393 1612 saltem

45 1649 167 1694 duos
215 1650 509 1696 characteres
556 1646 869 1694 distinctiuos
911 1646 1234 1711 inuestigaui‚
1283 1651 1389 1712 qui,

42 1736 123 1782 vel
157 1734 366 1781 iunctim
400 1737 477 1781 vel
512 1733 822 1799 singulatim,
861 1733 953 1779 soli
974 1737 1389 1797 Staphylinorum

42 1823 206 1886 generi
252 1821 440 1884 proprii
484 1820 622 1866 sunt:
665 1821 920 1866 articulum
956 1838 1132 1884 nempe
1166 1827 1388 1873 vltimum

39 1919 352 1954 antennarum
377 1907 644 1969 parabolice
676 1907 918 1962 lunatwn,
954 1917 1003 1951 et
1023 1902 1172 1971 series
1188 1922 1389 1973 puncto..

40 2011 147 2039 rum
176 1993 406 2049 thoracis,
449 1993 656 2056 quibus,
693 1993 749 2040 in
778 1991 968 2039 familia
1000 1992 1233 2052 secunda,
1282 1997 1388 2043 tho-

7 2066 130 2125 vraa:
173 2080 427 2143 elongatus
472 2078 657 2124 accedit
703 2095 947 2141 nunquam
983 2082 1170 2141 punctis
1201 2078 1387 2145 confer—

37 2160 214 2228 tzffimis
241 2166 516 2211 inordinatis
547 2159 802 2230 imprcffus.
875 2167 1000 2209 Sunt
1031 2182 1146 2210 vero
1175 2166 1385 2227 Staphy-

35 2250 151 2306 lini,
183 2249 364 2313 quibus
395 2249 717 2306 characteres,
749 2265 775 2294 a
796 2246 921 2294 striis
950 2262 1253 2310 punctorum
1273 2252 1384 2296 tho-

35 2335 154 2380 racis
186 2346 233 2380 et
265 2352 291 2380 a
323 2333 483 2380 forma
515 2333 686 2379 vltimi
721 2345 1049 2380 antennarum
1078 2335 1272 2379 articuli
1301 2336 1384 2381 de-

34 2417 224 2465 sumtos
255 2419 452 2465 iunctos
489 2418 733 2476 vidimus,
769 2435 808 2464 e.
832 2436 877 2482 g.
914 2417 1197 2481 staphylini
1232 2421 1382 2483 longe

34 2503 238 2566 plurimi
273 2502 492 2550 familiae
522 2503 736 2567 primae5
771 2502 886 2549 sunt
906 2503 1008 2559 alii,
1040 2520 1138 2549 vno
1162 2505 1383 2550 alteroue

34 2589 383 2635 tantummodo
421 2589 653 2653 praediti5
689 2607 728 2637 e.
754 2605 799 2653 g.
835 2588 1045 2635 articulo
1082 2589 1263 2637 vltinio
1299 2606 1382 2635 an·

788 2678 823 2719 C
861 2690 887 2720 2
1209 2663 1385 2720 tenna-⁴
