1620 3064
569 195 885 229 PRAEFATIO.
1292 199 1398 235 XIII

56 311 198 359 tione
240 306 451 356 numeri
495 314 815 371 punctorum
849 302 1269 354 constantissimae
1305 307 1401 358 effe

54 395 243 450 solent,
277 393 466 457 species
499 402 722 438 attamen
754 390 1004 454 quaedam
1035 391 1154 441 funt
1177 394 1402 445 incertae

55 491 144 528 aut
187 478 390 544 spuriae
432 477 514 524 vel
554 475 918 532 intermediae,
975 477 1165 539 quibus
1209 492 1402 544 puncta

55 564 145 613 ista
181 563 510 611 mutabiliora
545 562 688 619 sunt,
742 562 819 609 vti
856 560 1242 613 obseruationes
1279 583 1402 615 con-

57 651 288 699 tinuatae
336 648 620 696 crebriores
663 657 714 696 et
755 648 1066 696 recentiores
1097 665 1182 697 me
1213 650 1404 701 docue-

53 744 181 783 runt
236 736 302 793 (e.
341 750 387 797 g.
439 733 710 780 varietates
758 731 962 797 spuriae
1016 734 1087 782 St.
1141 739 1403 787 variantis

56 822 223 868 atrati
267 822 398 880 etc.).
469 821 528 866 In
570 817 765 865 familia
809 829 988 880 quarta
1024 829 1198 867 autem
1236 824 1404 880 (nunc

59 902 303 966 secunda)
336 919 588 952 numerus
622 913 972 968 punctorum,
1016 921 1301 954 numerum
1331 907 1406 955 se·-

56 989 266 1038 narium
315 988 588 1046 excedens,
645 985 1014 1036 inconstantior
1059 988 1125 1036 est
1166 994 1233 1056 (e.
1262 1010 1308 1058 g.
1346 993 1405 1041 in

61 1076 137 1125 St.
168 1073 433 1133 ochran-o,
470 1075 751 1142 elongato).
1211 1068 1217 1073 ’

425 1158 504 1209 Ad
538 1177 586 1224 p.
611 1163 735 1208 XIX.
776 1169 905 1223 part.
942 1159 1034 1209 inf.

159 1244 430 1310 Diagnosts
462 1245 671 1308 allegata
711 1245 923 1308 Oxytelz'
958 1246 1147 1294 caelati
1178 1262 1242 1294 eo
1265 1263 1406 1295 com-

59 1330 309 1378 mutanda
338 1329 427 1378 est:
472 1330 569 1379 “0-
603 1328 830 1377 caelatus
859 1328 1028 1379 foueis
1058 1330 1260 1379 duabus
1283 1331 1404 1379 dor-

64 1415 289 1463 salibus'’
333 1419 477 1478 (nam
519 1413 703 1462 foueae
745 1415 973 1463 laterales
1014 1415 1254 1480 prorsum
1297 1416 1408 1465 fere

65 1509 383 1547 euanescunt
415 1509 466 1547 et
498 1499 742 1548 omnibus
768 1501 999 1565 Oxytelis
1030 1499 1238 1548 eaedem
1267 1499 1408 1565 sunt)

65 1586 355 1642 “arcuatis‚
390 1585 599 1632 thorace
619 1585 957 1633 transuerso.”
1024 1587 1247 1635 Plurimi
1266 1588 1410 1635 enim

66 1670 257 1733 reliqui
301 1670 511 1734 Oxyteli
553 1687 777 1719 numero
814 1673 898 1722 vel
929 1671 1099 1721 forma
1129 1671 1410 1722 fouearum

62 1755 283 1804 thoracis
316 1755 722 1820 distinguuntur.

410 1841 489 1891 Ad
522 1860 572 1907 p.
606 1847 753 1893 XXV.
790 1853 916 1909 part.
951 1841 1064 1907 sup.

168 1928 371 1991 Corpus
421 1926 781 1976 breuissimum
835 1939 885 1976 et
930 1925 1301 1993 globuliforme
1340 1926 1411 1978 est

74 2011 378 2078 Taclzyporo
406 2015 713 2082 gamalam,
742 2013 930 2080 speciei
964 2029 1151 2061 nouae.

399 2098 477 2147 Ad
509 2117 557 2164 p.
585 2104 734 2150 XXX.
775 2111 902 2166 part.
939 2097 1075 2147 med.

170 2181 793 2249 Scaplzylinztssteno'ides‚
824 2200 962 2232 noua
984 2182 1201 2248 species,
1230 2182 1414 2236 habitu

67 2266 218 2315 valde
278 2268 549 2333 singulari,
610 2269 673 2317 acl
724 2270 928 2318 tertiam
977 2278 1202 2316 attamen
1247 2270 1415 2331 (nunc

71 2353 320 2417 primam)
361 2353 610 2401 familiam
652 2355 1081 2418 Stapllylinorum
1124 2351 1413 2411 referenda,

71 2449 225 2499 caput
271 2440 423 2487 habet
468 2440 660 2503 vbique
703 2440 911 2504 punctis
957 2437 1280 2487 crassioribus
1314 2438 1414 2485 im-

69 2520 317 2583 pressum,
363 2529 639 2574 Stenorum
679 2526 832 2590 capiti
865 2523 1048 2581 fimile,
1092 2540 1212 2572 cum
1245 2522 1417 2572 omni-

71 2605 170 2654 bus
215 2608 427 2673 reliquis
460 2610 618 2660 huius
655 2610 877 2659 familiae
911 2609 1227 2676 Staphylinis
1257 2618 1416 2672 caput

1232 2691 1410 2743 medio
