1620 3064
550 150 632 192 VI.
669 145 956 195 Aleochara.
1338 168 1357 198 1
1369 165 1395 212 4
1402 167 1428 210 5

69 271 153 318 seu
203 271 469 318 obcordato
517 269 783 331 coleoptris
830 270 1048 329 minore,
1101 273 1281 335 optimi
1315 274 1423 321 eius

71 358 368 403 characteres
402 356 529 401 sunt.
567 382 634 391 —-
676 358 755 402 Al.
786 358 917 417 picea
954 368 1000 401 et
1034 360 1201 422 nigra,
1236 361 1419 423 quibus

71 442 274 502 quidem
310 442 558 502 coleoptra
593 441 706 486 sunt
739 439 1049 486 subtilissime
1083 456 1289 503 puncta,
1328 463 1419 492 nec

69 525 165 571 basi
203 525 404 572 sulculis
439 524 687 586 impressa,
721 526 784 570 ob
811 525 1023 571 formam
1047 539 1211 573 autem
1238 542 1286 575 et
1312 548 1421 590 pro-

66 612 348 670 portionem
397 611 615 656 thoracis
661 611 863 657 meliore
906 612 1012 657 iure
1048 613 1162 658 huic
1196 613 1416 663 familiae

65 711 215 756 quarn
248 695 473 758 sequenti
502 694 812 752 inseruntur,
851 707 898 741 et
931 696 1147 745 limitem
1175 698 1307 759 quasi
1335 702 1416 747 de·

62 778 283 842 signant,
336 796 437 841 quo
483 783 596 841 (per
629 782 708 825 Al.
743 781 1006 842 aethiopem
1048 784 1236 828 (malem
1259 796 1348 831 etc.
1386 803 1412 832 e

61 863 249 911 familia
284 864 447 924 tertia)
484 865 600 910 haec
631 863 823 910 familia
860 867 1026 911 tertiae
1051 867 1412 930 adpropinqua-

58 961 168 1003 tur;
212 946 484 995 differentia
526 949 673 995 etiam
707 950 1068 1014 magnitudinis
1104 952 1319 1000 thoracis
1358 967 1408 1001 et

58 1035 423 1095 coleoptrorum
461 1034 623 1079 minor
652 1032 713 1080 est
746 1036 797 1080 in
823 1035 899 1081 his
921 1035 1111 1082 duabus
1134 1036 1400 1099 speciebus,

58 1137 208 1184 quarn
244 1119 297 1166 in
334 1119 539 1181 reliquis
576 1119 794 1166 familiae
817 1124 876 1166 11.

156 1206 456 1251 Familiam.
489 1205 732 1261 continet,
763 1215 950 1267 praeter
981 1217 1137 1252 totam
1157 1206 1402 1256 familiam

52 1289 314 1336 secundam
351 1293 421 1335 M.
458 1306 503 1350 p.
538 1305 640 1348 77..
677 1290 841 1351 plures
876 1289 1022 1335 etiam
1059 1290 1241 1352 species
1274 1310 1300 1338 e
1331 1293 1403 1342 fa-

52 1376 193 1421 milia
231 1374 387 1435 prima
422 1378 495 1420 M.
532 1392 577 1436 p.
600 1378 707 1434 67.‚
743 1373 923 1420 scilicet
958 1377 1036 1420 Al.
1069 1379 1283 1433 αηαῖενη,
1320 1397 1398 1426 αε-

54 1460 282 1521 ιΙιίορειη,
325 1461 588 1521 prolixam,
625 1461 871 1514 confflem,
909 1462 1135 1517 cinctam,
1173 1464 1397 1520 lucidam,

52 1545 322 1601 limbatam,
365 1561 456 1590 nec
498 1561 601 1590 non
643 1561 797 1607 genus
822 1549 901 1590 IV.
948 1550 1020 1591 M.
1054 1562 1096 1605 p.
1119 1551 1195 1602 65.
1267 1552 1396 1594 Cum

50 1645 169 1677 vero
210 1630 415 1676 Vnicum
448 1630 617 1677 vnicae
650 1630 797 1674 huius
830 1629 1021 1693 generis
1058 1630 1235 1692 speciei
1269 1632 1397 1678 indi-

50 1716 262 1762 viduum
298 1727 520 1777 tempore
555 1714 775 1773 hyberno
812 1727 860 1759 et
889 1714 1056 1761 minus
1092 1716 1260 1762 sereno
1287 1734 1399 1764 exa-

49 1801 313 1859 minarem,
381 1800 535 1863 palpis
584 1798 912 1845 anterioribus
964 1798 1304 1848 triarticulatis
1346 1814 1396 1849 et

46 1886 353 1933 mandibulis
391 1883 601 1931 dentatis
639 1881 931 1930 instructum
969 1882 1060 1930 effe
1097 1886 1222 1931 mihi
1256 1886 1394 1934 vide-

46 1973 203 2019 batur.
275 1976 497 2018 Examen
532 1984 697 2018 autem
734 1971 1017 2016 reiteratum
1051 1980 1099 2014 et
1123 1970 1200 2016 die
1221 1971 1390 2019 sereno

45 2055 331 2103 institutum
367 2075 446 2103 me
483 2057 678 2111 docuit,
716 2055 833 2100 huic
853 2053 1036 2099 infecto
1060 2055 1268 2101 omnino
1291 2059 1394 2118 pal-

45 2157 138 2202 pos
184 2154 232 2187 et
279 2143 584 2189 mandibulas
629 2139 716 2186 effe
760 2151 812 2184 vt
852 2137 1059 2200 reliquis
1094 2139 1391 2187 Aleocharis.

44 2226 186 2271 Licet
228 2243 343 2290 ergo
392 2227 624 2273 structura
674 2224 911 2286 peculiari
953 2235 1278 2269 antennarum
1328 2227 1389 2272 ab

44 2310 278 2356 omnibus
311 2312 617 2372 cospeciebus
649 2307 861 2367 differat,
891 2321 1108 2355 attamen
1134 2309 1262 2354 haud
1282 2310 1393 2356 hae-

45 2412 155 2451 re0‚
189 2411 250 2440 an
283 2396 380 2442 hoo
406 2413 556 2459 genus
590 2397 805 2441 Calliceri
840 2394 1014 2439 tollam
1039 2405 1087 2438 et
1107 2395 1389 2441 Aleocharis

43 2478 266 2526 familiae
292 2485 406 2537 111.,
444 2481 648 2541 quibus,
685 2492 784 2526 tam
817 2479 987 2525 habitu
1023 2490 1130 2523 toto
1166 2490 1390 2536 externo,

43 2581 193 2628 quam
227 2565 441 2627 partium
474 2564 776 2629 singularum
802 2566 988 2623 forma,
1021 2564 1247 2610 antennis
1274 2562 1391 2608 solis

802 2654 843 2696 R
1309 2665 1390 2695 ex·
