1620 3064
193 248 255 284 VI
710 238 1035 275 PRAEFATIO.

197 356 296 408 rali
348 354 511 419 vulgo
564 350 628 399 Iic
683 348 823 398 dicto
872 350 1028 415 longe
1076 349 1311 398 inuicem
1356 361 1557 400 remota

203 451 376 497 erant,
426 439 615 494 serius,
651 435 859 483 fimulac
890 437 1067 500 plures
1103 435 1294 501 species
1330 435 1561 500 profere-

198 531 415 587 bantur,
464 525 627 590 magis
670 523 939 586 magisque
983 523 1559 586 appropinquabantur,

198 615 369 665 donec
399 612 610 662 tandem
644 607 865 658 confinia
898 624 1084 655 eorum
1121 608 1209 654 vix
1245 607 1372 656 dum
1404 607 1562 673 defig-

198 702 314 750 nari
343 708 609 765 poterant,
645 712 741 743 nec
769 692 864 742 nist
893 694 1050 740 vnico
1079 692 1248 740 forsan
1271 694 1560 742 charactere

199 787 526 842 distinctiuo,
573 798 679 846 quo
715 790 857 828 totus
888 779 1149 827 character
1183 790 1428 828 externus
1465 781 1563 828 mi-

199 874 347 921 nime
377 870 790 937 exprimebatur,
839 882 1026 932 genera
1058 863 1144 911 ista
1178 864 1561 931 distingueban-

199 970 319 1016 tur3
360 975 504 1005 nunc
533 968 737 1014 autem,
771 953 965 1018 regulIS
1000 950 1282 1016 systematis
1313 953 1563 1001 naturalis

198 1044 439 1103 sublatis,
481 1044 697 1109 systema
740 1041 1000 1091 artificiale
1043 1040 1222 1086 locum
1266 1038 1378 1087 eius
1411 1055 1565 1088 occu-

203 1131 372 1197 pabat.
462 1133 603 1178 Haec
650 1128 967 1194 experientia
1018 1126 1075 1173 in
1129 1124 1565 1188 Coleopterorum

203 1218 663 1281 Micropterorum
699 1213 965 1279 systemate
997 1227 1211 1274 quoque
1241 1210 1372 1257 mihi
1403 1210 1452 1258 se
1476 1212 1566 1259 ob-

200 1303 356 1354 tulit:
393 1305 434 1350 E
456 1301 733 1366 generibus
764 1298 983 1363 receptis
1008 1298 1190 1346 Stenas
1211 1295 1564 1356 solummodo,

207 1389 519 1452 Oxyporzts,
569 1381 768 1450 Piestus
816 1395 867 1432 et
900 1377 1217 1452 Lomeclezgsa
1252 1380 1443 1431 finibus
1479 1384 1568 1432 ad-

204 1475 313 1525 huc
348 1473 465 1521 satis
502 1471 736 1537 praecisis
774 1470 1007 1517 contenti
1041 1468 1160 1516 sunt
1195 1469 1265 1515 ita
1300 1480 1356 1517 vt
1390 1471 1565 1535 primo

202 1560 372 1610 statim
406 1560 631 1616 intuitu,
665 1555 894 1605 ehabitu
921 1555 1145 1602 naturali
1166 1565 1408 1613 externo,
1441 1556 1564 1605 defi-

206 1648 315 1696 niri
369 1645 572 1711 possint.
645 1642 869 1704 Reliqua
921 1652 1094 1688 autem
1140 1657 1326 1705 genera
1374 1644 1567 1703 omnia,

205 1732 511 1780 immediate
554 1729 638 1778 vel
681 1726 933 1784 mediate,
985 1742 1151 1772 vnum
1198 1742 1291 1789 per
1324 1726 1563 1788 alterum,

202 1818 343 1867 :inter
388 1816 439 1865 se
488 1816 789 1870 cohaerent,
839 1822 889 1860 et
925 1810 1178 1875 quaedam
1214 1828 1399 1860 eorum
1432 1813 1562 1864 adeo

203 1903 263 1951 in
320 1903 418 1950 alia
476 1902 909 1965 Coleopterorum
959 1913 1172 1961 genera,
1227 1913 1254 1943 a
1295 1896 1562 1962 systemate

200 1989 656 2052 Blicropterorum
701 1982 928 2040 exclusa,
988 1981 1268 2030 transeunt.
1360 1985 1561 2034 Tabula

200 2072 544 2130 affinitatum,
611 2069 867 2136 opusculo
925 2068 1052 2116 huic
1102 2067 1324 2127 adnexa,
1396 2073 1563 2137 magis

206 2158 394 2208 reddet
450 2157 786 2224 perspicuum
831 2152 976 2217 quod
1019 2152 1151 2212 dixi,
1215 2154 1464 2220 quodque
1506 2159 1565 2209 in

202 2243 320 2309 ipso
366 2254 537 2300 textu,
580 2242 771 2291 scilicet
802 2241 858 2287 in
894 2239 1096 2305 generis
1127 2241 1384 2305 cuiusque
1416 2261 1563 2308 prae-

203 2328 391 2386 missis,
422 2328 610 2376 clarius
642 2343 924 2392 exponam3
958 2324 1047 2371 vbi
1072 2325 1383 2377 characteres
1406 2332 1562 2380 etiam

205 2413 501 2479 explicabo,
566 2413 757 2477 quibus
803 2411 931 2459 haec
989 2428 1175 2475 genera
1229 2397 1562 2465 artificialiter

206 2497 411 2563 seiungi
452 2509 607 2562 atque
640 2495 885 2561 distingui
919 2496 1151 2560 possunt3
1196 2515 1382 2563 genera
1420 2505 1564 2553 enim

200 2583 504 2647 requisitum
539 2583 660 2632 sunt
690 2582 1027 2632 necessarium
1058 2583 1113 2630 in
1144 2582 1410 2647 systemate
1447 2605 1560 2637 cor-

203 2683 397 2741 porum
460 2670 796 2720 naturalium.
849 2695 915 2709 —
994 2668 1174 2720 Redeo
1237 2671 1433 2721 iterum
1492 2675 1559 2723 ad

1331 2761 1557 2820 Stemtm,
