1620 3064
175 185 265 234 134
636 179 766 223 VIII.
810 178 1063 242 Oxytelus.

174 297 370 345 biarum
405 300 726 363 graciliorum
763 314 812 348 et
847 303 1110 366 palporum
1149 304 1336 370 semper
1362 308 1533 355 filifor-

176 384 339 433 mium
382 387 546 434 habita
582 387 785 437 ratione.
822 417 889 429 —·
947 395 1111 439 Genus
1151 410 1343 438 nouum
1381 396 1538 441 exoti-

180 486 323 528 cum,
369 467 555 537 Piefius
601 473 809 532 scilicet,
861 492 1066 540 corpore
1100 476 1342 540 depresso,
1389 480 1536 526 abdo-

181 556 320 602 mine
360 559 726 619 obtuliusculo,
776 563 974 608 thorace
1013 562 1225 620 sulcato,
1274 565 1538 627 coleoptris

183 641 461 703 quadratis,
506 647 642 693 tibiis
674 647 910 694 breuibus
949 650 1127 696 validis
1165 650 1540 713 spinoso-cilia-

184 727 275 785 tiS,
310 746 425 778 cum
463 733 555 778 hoc
591 750 768 798 genere
804 734 1116 799 iungendum
1149 735 1305 794 foret,
1341 735 1429 782 nifi
1459 754 1540 782 an·

182 823 362 862 tennae
397 819 632 882 palpique
669 819 956 878 filiformes,
995 838 1084 867 nec
1108 838 1209 867 non
1231 822 1360 869 vitae
1383 839 1540 887 genus

187 912 336 965 atque
375 905 536 952 victus
568 918 615 951 et
647 907 887 953 habitatio
921 908 1268 955 dissuaderent.

291 992 495 1051 Oxyteli
545 995 807 1040 commode
843 995 895 1040 in
933 1005 1029 1040 tres
1066 992 1281 1040 familias
1313 991 1546 1041 distribui

189 1073 414 1134 poffunt:
450 1081 649 1125 Familia
678 1084 712 1126 Ι.
746 1079 1125 1140 comprehendit
1152 1078 1326 1139 species
1351 1079 1549 1124 thorace

191 1161 627 1224 rugoso—sulcam,
674 1165 819 1211 sulcis
863 1163 944 1211 vel
993 1164 1252 1225 profundis
1296 1176 1346 1210 et
1381 1163 1549 1210 distin-

193 1246 287 1292 ctis
323 1248 401 1293 vel
439 1250 837 1299 obsoletioribus.
867 1281 933 1288 —
980 1254 1181 1298 Familia
1206 1255 1267 1298 11.
1306 1253 1549 1311 Oxytelos

194 1335 545 1394 complectitur
583 1340 780 1385 thorace
815 1338 1006 1384 subleui
1049 1337 1241 1393 nitido,
1284 1336 1417 1383 sulco
1454 1354 1550 1383 me·

195 1416 278 1463 dio
315 1420 671 1485 longitudinali
707 1426 875 1473 inciso.
905 1452 972 1461 -
1022 1425 1222 1472 Familia
1247 1426 1332 1469 111.
1370 1426 1552 1482 Oxyte·

194 1503 273 1551 los
310 1503 486 1556 statura
523 1513 672 1572 paulo
704 1511 962 1575 graciliore
990 1521 1037 1555 et
1066 1508 1296 1554 teretiore
1327 1524 1475 1570 quam
1500 1508 1552 1553 in

196 1589 384 1640 familis
418 1598 853 1657 praecedentib1153
894 1597 1091 1642 thorace
1130 1604 1338 1655 punem,
1385 1593 1554 1639 medio

198 1678 282 1723 vel
317 1679 446 1726 laeui
484 1684 561 1728 vel
598 1683 733 1730 sulco
763 1683 1120 1748 longitudinali
1149 1677 1353 1742 angusto
1382 1678 1554 1729 inciso.

196 1766 332 1809 Haec
374 1764 591 1827 familia,
640 1770 739 1816 iam
776 1770 949 1815 habitu
988 1779 1096 1814 toto
1128 1783 1151 1812 a
1187 1764 1391 1827 reliquis
1424 1768 1556 1825 Oxy·

198 1849 312 1895 telis
359 1850 571 1910 diuersa,
619 1855 828 1917 speciem
870 1870 1072 1916 quoque
1117 1851 1369 1908 continet,
1418 1867 1558 1913 quae,

200 1935 361 1996 palpis
397 1937 748 1998 filiformihus,
796 1958 888 1987 nec
924 1936 1221 1984 acuminatis
1252 1935 1326 1982 vti
1358 1936 1413 1982 in
1448 1935 1558 1983 reli-

202 2022 315 2082 quis
351 2025 602 2083 Oxyteli53
637 2028 834 2072 thorace
865 2037 1073 2087 puncto,
1111 2024 1277 2070 medio
1306 2025 1434 2081 leui,
1469 2040 1561 2070 neo

200 2105 414 2165 sulcat03
465 2112 637 2171 elytris
688 2114 910 2174 punctiS,
969 2111 1223 2158 interdurn
1261 2109 1560 2171 subprincto-

203 2192 409 2253 striatis,
458 2196 629 2244 saltem
675 2198 729 2244 in
779 2197 1029 2257 systemate
1074 2196 1264 2243 strenue
1311 2194 1562 2242 artificiali

207 2298 403 2329 nouum
455 2300 613 2347 genus
659 2284 903 2330 conderet.
993 2286 1118 2329 Cum
1166 2293 1332 2328 autem
1381 2280 1462 2326 hic
1507 2282 1563 2329 O.

205 2367 377 2431 latipes
417 2367 592 2415 statura
630 2368 685 2415 [it
724 2371 779 2416 O.
812 2372 1056 2427 tricornis,
1088 2381 1136 2414 et
1170 2368 1305 2414 tibiis
1334 2366 1564 2424 latissvti

205 2453 391 2515 reliqui
420 2456 621 2515 Oxyteli
659 2455 895 2512 maioreQ
937 2457 1061 2502 hanc
1098 2453 1305 2515 speciem
1343 2469 1456 2497 cum
1492 2468 1564 2497 re-

205 2538 359 2601 liquis
385 2539 533 2585 huius
558 2539 775 2586 familiae
798 2540 1045 2601 speciebus
1067 2539 1368 2605 coniungere
1391 2539 1564 2598 malui,

211 2641 364 2691 quarn
399 2643 509 2674 eam
542 2627 596 2673 in
633 2626 880 2692 peculiare
915 2643 1071 2692 genus
1108 2625 1342 2691 redigere.

1405 2714 1565 2760 FAmr-
