1620 3064
185 218 251 266 44
576 207 664 251 111.
695 204 1022 269 Staphylinus.
1059 208 1109 252 F.
1128 209 1166 252 1.

317 334 483 396 Caput
519 329 881 385 orbiculatum,
928 330 1090 376 maius
1123 330 1385 393 minusue,
1421 333 1543 381 sem-

249 436 337 483 per
372 429 538 463 autem
571 416 769 461 thorace
802 416 987 463 minus.

313 509 428 552 Huc
460 505 673 569 pertinet
706 504 914 551 varietas
951 519 1009 549 12
1045 506 1117 549 M.
1158 522 1202 567 p.
1225 521 1302 562 32.

315 594 500 637 Omnes
547 607 665 637 vero
714 589 934 652 reliquae
976 590 1262 649 varietates,
1289 595 1539 655 quarum,

247 677 426 741 pagina
472 677 646 735 citata,
692 677 881 722 mentio
916 675 1040 722 facta
1080 675 1170 736 est,
1213 680 1429 743 exceptis
1461 697 1542 726 va·

245 766 508 813 rietatibus
543 770 598 821 6,
638 777 692 821 8,
732 778 817 821 13,
870 763 930 808 de
981 764 1164 827 quibus
1214 766 1346 813 infra
1394 783 1539 830 quae·

242 853 358 900 dam
394 853 556 900 adhuc
588 850 832 907 monebo,
862 850 943 896 vel
979 867 1004 895 e
1028 853 1205 914 copula
1226 853 1403 899 harum
1421 853 1539 900 dua-

242 957 359 989 rum
411 943 556 1002 (quae
601 954 692 1001 pro
736 935 985 1000 speciebus
1028 938 1358 1000 peculiaribus
1392 936 1536 985 statui

241 1025 461 1091 poss'unt)
509 1035 644 1070 ortae
690 1022 830 1081 funt,
889 1024 1249 1071 characteribus
1293 1025 1445 1088 patris
1487 1038 1536 1072 et

241 1112 416 1160 matris
461 1109 666 1167 mixtis3
721 1112 802 1159 vel
845 1111 960 1158 sunt
1004 1110 1270 1157 indiuidua
1312 1113 1461 1159 modo
1507 1130 1534 1160 e

239 1215 369 1262 pupa
416 1210 675 1262 prorupta,
721 1197 948 1244 nondum
983 1198 1150 1243 colore
1185 1196 1403 1259 perfecto
1440 1197 1534 1244 im-

238 1285 383 1342 buta,
414 1285 552 1348 quod
574 1285 626 1331 in
647 1284 882 1331 omnibus
906 1282 1110 1345 reliquis
1131 1282 1345 1341 insectiS,
1377 1285 1530 1331 modo

237 1390 264 1420 e
297 1389 425 1435 pupa
463 1371 643 1428 enatis,
696 1369 945 1417 obieruari
991 1367 1161 1432 potest.
1232 1367 1530 1418 Differentia

235 1459 597 1525 magnitudinis
640 1470 809 1505 autem
854 1454 1024 1503 effecta
1068 1454 1155 1502 effe
1189 1454 1342 1519 potest
1375 1457 1528 1506 causis

234 1546 348 1594 aliis
409 1544 651 1602 externis,
712 1544 895 1607 quibus
945 1543 1083 1589 larua
1125 1542 1526 1608 magnitudinem

232 1632 508 1696 perfectam
541 1631 673 1678 nasci
709 1631 840 1677 haud
875 1629 1059 1694 potuit.

298 1719 423 1766 Dixi
449 1719 499 1764 in
523 1716 849 1780 descriptione
875 1721 940 1764 Sc,
957 1718 1091 1762 nitidi
1112 1720 1183 1763 M.
1207 1735 1252 1781 p.
1272 1734 1347 1776 31.
1364 1756 1377 1776 ,
1415 1719 1527 1768 tho·

228 1823 390 1854 racem
420 1807 717 1870 plerumque
746 1815 936 1867 puncto
960 1815 1158 1849 tantum
1181 1820 1281 1850 vno
1300 1806 1524 1854 alteroue

227 1892 443 1948 maiore,
491 1890 645 1937 rarius
690 1888 906 1935 seriebus
949 1888 1221 1937 dorsalibus
1255 1891 1520 1957 tripunctis

226 1976 513 2043 impress'urn
561 1974 677 2031 ess'e5
720 1978 855 2039 quod
890 1990 1052 2024 autem
1090 1979 1223 2026 secus
1261 1980 1307 2026 se
1343 1981 1517 2028 habet:

226 2065 380 2114 Series
453 2062 589 2111 enirn
653 2062 931 2125 tripunctae
1001 2064 1187 2112 dorsale
1249 2085 1516 2132 nunquam

221 2150 426 2208 desunt,
481 2148 714 2212 quamuis
763 2160 942 2210 puncta
987 2148 1120 2213 saepe
1161 2153 1283 2200 adeo
1316 2153 1516 2204 subtilia

221 2238 343 2296 sint,
375 2249 431 2285 vt
457 2237 546 2284 vix
578 2235 728 2282 oculo
758 2249 944 2283 armato
969 2238 1132 2303 detegi
1154 2236 1347 2302 poffint.
1422 2246 1515 2288 Po·

220 2324 333 2371 [itio
383 2325 566 2369 horum
614 2333 915 2384 punctorum
968 2324 1086 2370 haec
1132 2322 1224 2370 est:
1285 2326 1512 2374 Primum

219 2423 335 2456 ante
371 2408 647 2472 marginem
680 2407 1006 2467 anteriorem,
1042 2407 1246 2456 tertium
1267 2411 1322 2458 in
1341 2398 1509 2460 medio

218 2495 431 2541 thoracis
483 2492 630 2556 (apici
675 2504 893 2539 attamen
931 2495 1079 2558 paulo
1114 2495 1320 2559 propius
1356 2515 1507 2560 quam

216 2580 361 2639 basi),
422 2579 695 2625 secundum
748 2577 879 2625 inter
927 2580 1147 2644 primum
1189 2593 1239 2628 et
1283 2584 1505 2643 tertium,

216 2665 498 2712 interuallis
553 2664 844 2728 aequalibus
900 2666 961 2712 ab
1017 2678 1240 2731 Vtroque.
1327 2670 1504 2717 Rarius

1301 2754 1506 2802 tertium
