1620 3064
578 217 894 250 PRAEFATIO.
1338 223 1422 257 VII

65 328 296 383 Stenzlm,
336 326 664 391 Oxyporum,
697 321 917 391 Piestum
948 335 998 373 et
1017 325 1273 374 Lomeclm
1299 346 1416 378 am:

59 413 323 468 Vidimus,
373 411 498 457 haec
540 427 753 474 genera,
803 411 1077 458 collatione
1126 428 1247 459 cum
1292 415 1413 462 reli-

61 497 203 559 quis,
246 511 432 561 paucas
471 506 674 542 tantum
715 495 904 559 species
941 496 1412 560 comprehendere3

61 593 137 639 et,
186 599 248 628 ex
286 580 541 644 analogia,
599 578 779 636 credO,
835 596 920 626 me
954 579 1096 628 haud
1131 598 1324 641 errare,
1370 583 1408 633 fi

57 667 304 723 conficio,
337 666 421 713 illa
458 681 670 729 genera,
707 665 996 729 specierum
1024 682 1248 715 numero
1276 685 1406 719 cres-

55 761 229 806 cente,
283 751 558 814 generibus
599 766 810 813 quoque
845 751 986 808 aliis,
1029 767 1056 797 a
1090 752 1281 814 quibus
1315 753 1403 802 ad-

62 835 166 884 huc
203 834 318 882 satis
353 834 559 892 distant,
597 835 1073 900 adpropinquatum
1109 836 1202 894 iri,
1236 837 1405 888 donec

53 919 264 967 tandem
315 937 433 966 cum
486 920 567 967 his
624 920 891 969 confluent
945 937 1041 968 nec
1087 920 1181 967 nisi
1227 921 1401 973 forsan

50 1007 206 1054 vnico
251 1005 477 1068 quodam
525 1006 814 1054 charactere
849 1005 1208 1070 distinguenda
1243 1009 1394 1059 erint.

149 1092 412 1137 Generum
445 1090 766 1155 dispositioni
793 1103 843 1140 et
865 1090 1184 1150 definitioni,
1215 1094 1271 1141 in
1292 1095 1396 1144 hoc

48 1177 301 1240 opusculo
331 1178 659 1223 commutatis
683 1188 757 1234 et,
794 1177 869 1224 vti
888 1176 1059 1240 spero,
1091 1180 1393 1241 emendatis,

44 1262 283 1326 plurium
328 1260 614 1325 specierum
656 1261 948 1326 diagnofes,
1003 1259 1390 1328 descriptiones,

41 1347 448 1410 comparationes
483 1356 531 1392 et
562 1345 851 1410 synonyma
888 1345 1182 1396 emendatas
1218 1361 1268 1398 et
1297 1368 1388 1400 au..

37 1442 163 1486 ctas,
209 1447 304 1477 nec
346 1447 452 1477 non
481 1430 671 1494 species
704 1431 890 1479 multas
923 1447 1112 1490 nouas,
1152 1449 1381 1496 quarum

32 1531 284 1562 numerus
318 1515 466 1562 valde
500 1515 746 1573 increuit,
784 1514 976 1563 addidi.

138 1600 416 1663 Praecipue
470 1600 557 1648 hic
611 1601 764 1647 etiam
805 1601 1015 1647 illarum
1059 1603 1385 1655 mentionem

36 1684 168 1732 facio
199 1684 514 1749 specierum,
546 1683 610 1731 ad.
643 1701 769 1747 quas
799 1685 1156 1732 collectionem
1178 1685 1383 1759 Bcffcia.

35 1789 153 1818 nam
209 1770 447 1835 allegaui;
496 1768 683 1817 scimus
729 1771 896 1827 enim,
953 1771 1268 1831 Fabricium,
1324 1776 1382 1822 in

32 1855 232 1920 scriptis
261 1854 364 1902 suis
397 1855 819 1919 entomologicis,
854 1855 986 1902 lianc
1018 1855 1379 1905 c0}1ecti011e1n

32 1941 232 2005 saepius
262 1937 513 1996 citautffe,
546 1949 596 1987 et
626 1935 833 2006 Roscius
868 1939 977 2003 ipse
1009 1939 1256 2003 professus
1292 1941 1376 2000 eft,

29 2025 318 2075 Fabricium
358 2023 528 2088 ipsum
577 2022 769 2087 species
815 2023 1067 2088 plurimas
1100 2025 1241 2074 illius
1273 2028 1378 2088 col-

28 2110 265 2158 lectionis
306 2109 389 2156 vel
430 2106 837 2156 denominauiffe
877 2108 962 2155 vel
1000 2110 1101 2156 iam
1138 2110 1376 2160 denomi-

26 2206 166 2243 natas
194 2191 495 2260 probauiffe.
565 2194 663 2241 Vbi
693 2211 816 2260 ergo
848 2195 1180 2258 coleopteron
1203 2197 1371 2259 quod-

29 2280 174 2336 dam,
239 2280 393 2326 etiam
438 2296 466 2326 a
508 2280 742 2330 Fabricio
789 2281 892 2327 iam
939 2279 1287 2344 descriptum,
1345 2299 1375 2330 6

31 2364 332 2411 collectione
358 2360 608 2434 Rosciana
645 2366 859 2414 citatum
890 2364 980 2422 est,
1012 2367 1374 2431 Entomologis

27 2446 327 2513 persuasum
390 2448 484 2496 effe
541 2449 731 2514 potest,
792 2467 877 2497 1116
937 2447 1187 2496 infectum
1239 2450 1404 2498 illud·

28 2531 201 2597 ipsum
231 2532 558 2598 descripfiffe,
594 2534 738 2601 quod.
770 2535 925 2584 etiam
954 2533 1221 2586 Fabricius
1256 2546 1377 2584 ante

29 2618 206 2667 oculos
238 2617 433 2667 habuit.

1252 2711 1370 2767 Iter,
