1620 3064
174 222 284 258 v111
723 216 1046 253 PRAEFATIO.

281 334 411 389 Iter,
449 344 547 396 per
579 328 775 377 Galliae
804 339 855 377 et
886 328 1195 382 Germaniae
1226 339 1426 394 partem
1462 331 1544 380 in·

186 417 424 468 stitutum
440 453 452 472 ‚
484 415 765 480 praecipue
786 426 961 464 autem
986 416 1332 464 commoratio
1347 417 1548 467 Parisiis

184 503 520 561 diuturnior,
548 504 997 567 opportunitatem
1020 502 1151 551 mihi
1173 502 1547 567 praebuerunt,

185 590 355 639 multa
387 604 552 646 noua,
600 586 664 635 ad
695 587 958 636 historiam
994 589 1282 637 naturalem
1319 587 1548 654 spectan-

184 676 285 734 tia,
320 671 665 738 inuestigandi
677 690 690 731 ;
724 685 775 721 et
808 675 1204 724 beneuolentiae
1234 676 1547 724 Entomolo·

187 777 379 827 gorum
417 759 652 825 plurium
691 758 1045 809 Parifiensium
1079 777 1197 826 erga
1231 777 1342 819 me,
1388 764 1549 810 Ento-

183 848 522 912 mologorum
557 846 661 892 iam
698 844 794 893 diu
834 847 1240 904 celebratorum,
1289 865 1317 895 e
1355 847 1547 911 quibus

183 937 341 992 Base,
389 933 615 990 Olivz'er‚
657 934 1010 998 Brongniart,
1059 932 1349 991 Lacr-eide,
1405 935 1548 984 Des-

182 1014 371 1084 marest
406 1019 492 1068 hic
523 1018 799 1066 nominare
824 1016 957 1065 mihi
982 1017 1157 1076 liceat,
1196 1036 1317 1066 cum
1341 1018 1547 1070 aditum

183 1104 413 1153 liberum
459 1104 526 1152 ad
576 1103 906 1152 collectiones
953 1104 1182 1168 priuatas
1221 1104 1547 1154 Insectorum

183 1191 416 1256 egregias
462 1207 620 1254 quam
670 1188 1035 1237 humanisslme
1075 1187 1259 1254 sponte
1303 1191 1434 1238 mihi
1469 1189 1548 1239 of-

184 1275 406 1334 ferrent,
438 1275 837 1339 Entomologiae
869 1274 1138 1323 sectatores
1176 1273 1547 1341 descriptiones

182 1363 473 1410 multarum
498 1377 761 1408 nouarum
782 1360 1230 1424 Micropterorum
1252 1360 1546 1426 specierum

182 1446 389 1496 debent.
432 1475 500 1485 —-
558 1446 748 1495 Redux
791 1447 847 1493 in
895 1447 1114 1511 patriam
1163 1446 1346 1495 multis
1387 1449 1546 1497 nouis

185 1532 497 1581 animalium
541 1531 811 1598 speciebus
857 1543 1030 1581 auctas
1066 1531 1402 1581 inueniebam
1441 1535 1547 1582 col-

182 1619 432 1668 lectiones
453 1620 755 1685 Zoologicas
783 1619 1000 1668 Comitis
1026 1619 1090 1666 de
1113 1612 1546 1690 Hoffmannsegg

182 1715 237 1754 et
272 1707 431 1753 Dom.
471 1704 770 1754 Professoris
813 1705 1077 1773 Iiellwig‚
1120 1720 1263 1751 nunc
1297 1705 1354 1752 in
1384 1722 1545 1754 vnam

183 1791 492 1840 coniunctas
542 1791 905 1839 collectionem
951 1805 1169 1852 eamque
1211 1789 1417 1837 vnicam
1462 1791 1544 1841 sui

182 1876 414 1942 generis,
449 1892 580 1939 quae
611 1875 784 1925 forsan
818 1892 998 1924 omnes
1029 1874 1272 1932 aemulas,
1306 1886 1408 1922 tam
1442 1895 1543 1925 nu-

179 1978 331 2011 mero
363 1960 654 2026 specierum
691 1962 1009 2010 insectorum
1048 1978 1204 2025 quam
1238 1962 1425 2012 ordine
1460 1964 1542 2030 sy-

179 2048 445 2098 stematico
483 2060 533 2097 et
565 2049 913 2096 exactitudine
946 2049 1002 2095 in
1036 2047 1330 2096 tribuendis
1367 2051 1540 2097 nomi-

177 2134 335 2183 nibus
386 2134 713 2200 generalibus
763 2133 1204 2198 specialibusque‚
1259 2135 1536 2184 antecellit.

175 2220 385 2271 Scimus
428 2237 634 2278 omnes,
686 2221 946 2269 Comitem
983 2219 1409 2278 illustrissimum,
1454 2222 1538 2269 iti-

176 2306 392 2354 neribus
407 2344 419 2363 ,
451 2323 545 2371 per
567 2307 845 2353 maximam
866 2309 1104 2370 Europae
1122 2317 1338 2369 partem,
1358 2309 1537 2372 cogni-

176 2391 337 2439 tionis
373 2403 588 2439 naturae
622 2391 799 2446 causa,
834 2389 1079 2438 institutis
1112 2391 1394 2450 celebrem,
1434 2393 1534 2441 stu-

175 2475 267 2524 dio
302 2477 678 2543 indefatigabili
708 2488 758 2525 et
788 2478 1038 2542 temporis
1069 2488 1223 2540 atque
1246 2494 1409 2542 opum
1436 2479 1535 2526 im-

170 2562 338 2629 pensis
377 2566 576 2629 optime
617 2563 681 2611 de
725 2563 930 2611 cultura
973 2563 1136 2610 totius
1170 2562 1408 2611 historiae
1444 2581 1533 2612 na-

171 2649 356 2699 turalis
386 2648 625 2700 meruisse
637 2667 652 2707 ς
688 2649 773 2697 hic
806 2649 961 2697 etiam
995 2648 1202 2696 libellus
1239 2650 1533 2697 entomolo-

1380 2735 1528 2798 gicus
