1620 3064
200 228 236 260 X
717 225 1039 259 PRAEFATIO.

196 354 383 387 rorum
430 334 625 384 familia
641 353 654 393 3
704 335 1017 383 huiusmodi
1065 348 1191 384 vero
1229 325 1563 388 difficultates

195 422 335 488 ipsae
371 424 548 488 potius
585 423 747 469 calcar
777 420 870 469 effe
907 421 1124 480 debent,
1164 439 1271 486 quo
1307 427 1563 471 Entomo·

196 508 351 573 logus
390 524 568 564 verm,
602 509 687 555 cui
719 506 972 572 perfectio
1008 507 1252 556 scientiae
1290 508 1435 556 cordi
1476 508 1561 568 est,

194 594 468 650 incitetur,
526 609 685 656 quam
732 592 968 650 frenum,
1021 610 1128 657 quo
1173 594 1461 642 retineatur
1497 595 1560 643 ab

191 679 593 745 inuestigatioiie
614 679 797 726 intima
829 679 1023 727 horum
1058 678 1404 738 insectorum,
1434 697 1559 728 nam

192 772 331 831 “per
379 782 554 830 aspera
600 764 664 812 ad
714 764 877 812 astra”
927 764 1207 816 tendimus.
1299 772 1427 818 Non
1460 768 1558 816 nifi

189 853 395 901 viribus
422 853 615 901 iunctis
644 851 756 917 spes
787 867 882 898 nos
906 850 1098 899 arridet
1118 870 1180 900 eo
1201 853 1555 919 perueniendi

191 955 300 1003 quo
341 939 398 986 in
443 939 525 986 liis
579 938 736 986 etiam
792 937 1215 1002 coleoptemruiii
1274 941 1557 1006 generibus

192 1026 569 1092 aequilibrium
607 1041 730 1072 cuni
766 1024 982 1088 reliquis
1015 1023 1215 1074 restitui
1247 1027 1414 1092 possit.

293 1116 404 1161 Hac
440 1110 702 1159 occasione
729 1127 836 1158 non
867 1110 1070 1175 poffuni
1107 1130 1216 1160 non
1254 1113 1556 1179 diligentiae

188 1210 241 1249 et
272 1199 385 1248 zelo
421 1198 644 1246 Domini
679 1195 858 1254 Dalzl‚
897 1198 1056 1246 viiius
1077 1199 1553 1263 expertisfimorum

190 1297 243 1334 et
277 1283 692 1333 felicissimorum
725 1299 753 1329 e
776 1281 956 1330 nostris
977 1283 1315 1350 infectolegis,
1340 1286 1553 1351 publice

186 1372 397 1421 meritas
428 1387 578 1435 agere
615 1368 814 1433 gratias.
900 1371 1281 1432 Frequentibus
1319 1382 1369 1418 et
1401 1371 1550 1438 saepe

185 1456 451 1507 laboriosis
512 1452 901 1502 exem-[ionibus
954 1472 1049 1519 per
1095 1466 1238 1520 prata
1281 1457 1454 1522 syluas
1496 1470 1548 1508 et

181 1554 388 1593 montes
421 1545 659 1590 Ducatus
683 1540 1071 1588 Bruiisuicensis
1092 1558 1198 1589 non
1219 1541 1408 1601 solum,
1435 1555 1545 1593 tam

180 1633 238 1680 in
286 1628 501 1691 reliquis
547 1642 703 1690 quani
747 1626 903 1672 etiam
948 1637 999 1674 et
1046 1629 1325 1693 praecipue
1363 1631 1420 1677 in
1459 1632 1543 1680 his

182 1716 503 1765 insectorum
539 1711 845 1777 generibus,
881 1729 1120 1776 magnam
1144 1715 1251 1761 vim
1277 1733 1544 1767 nouarum

178 1804 468 1869 specierum
487 1839 500 1859 ‚
538 1800 730 1863 quibus
758 1798 1022 1862 imprimis
1049 1798 1379 1850 collectiones
1403 1807 1544 1852 Kno-

177 1890 406 1944 duanae,
437 1887 898 1950 Hoffmannseggio
914 1915 935 1923 -
950 1886 1324 1950 Hellwigianae
1354 1899 1404 1935 et
1423 1907 1540 1938 mea

175 1974 392 2041 propria
439 1970 705 2036 insigniter
747 1971 1090 2035 locupletatae
1123 1971 1268 2031 sunt,
1314 1977 1537 2039 prehen-

174 2061 278 2119 dit,
321 2058 409 2108 sed
455 2058 611 2106 etiam
649 2056 857 2112 omnia,
910 2073 1041 2119 quae
1087 2056 1151 2105 de
1194 2061 1331 2108 vitae
1371 2062 1535 2112 niodo

172 2148 368 2196 liorum
405 2143 723 2191 insectorum
755 2143 1031 2193 obseruare
1065 2157 1293 2210 poterat,
1324 2150 1536 2198 exactis-

172 2232 296 2280 fime
340 2231 641 2289 annotauit;
688 2231 883 2295 hasque
923 2233 1284 2280 annotationes
1320 2250 1533 2282 mecum

173 2317 602 2367 communicauit.
677 2320 809 2365 Cum
840 2334 967 2365 vero
997 2317 1122 2366 haec
1143 2317 1350 2376 insecta,
1378 2331 1533 2382 quot-

171 2415 302 2469 quot
334 2421 519 2452 eorum
553 2405 711 2450 Dom.
746 2401 903 2450 Dalzl
933 2402 1176 2465 posfidet,
1213 2404 1351 2452 curis
1368 2388 1528 2456 Dom.

168 2490 309 2541 Prof.
348 2487 527 2538 Knoell
564 2488 935 2535 accuratissime
964 2489 1251 2536 examinata
1282 2500 1332 2538 et
1356 2493 1529 2540 nomi-

169 2588 287 2625 nata
323 2575 444 2633 sint,
477 2573 839 2638 Entomologi,
879 2574 972 2637 qui
1003 2590 1127 2621 eum
1163 2573 1393 2635 adirent,
1428 2576 1525 2625 liae

169 2663 255 2713 via
299 2660 493 2729 species
532 2659 839 2710 exactiffime
876 2658 1242 2711 determinatas
1277 2660 1370 2711 fibi
1402 2679 1525 2727 pro-

1341 2764 1524 2799 curare
