1620 3064
171 174 266 232 246
645 170 726 214 VI.
761 165 1044 215 Aleochara.

170 293 414 357 exceptis,
452 291 765 339 simillimum
803 289 890 349 est,
930 291 1199 349 adsociem3
1234 312 1411 344 nomen
1442 300 1526 346 ha·-

171 394 345 430 ctenus
394 381 677 445 genericum
723 377 896 439 speciei
945 380 1177 425 manebit.
1223 408 1290 417 —
1352 385 1527 433 Partes

171 470 328 515 trunci
363 468 779 527 micropterorum
812 464 963 510 huius
993 464 1213 512 famil-iae
1242 468 1421 515 arctius
1448 488 1526 517 co-

169 557 402 611 haerent,
441 570 594 616 quam
629 553 682 598 in
723 550 931 598 fami-liis
968 553 1391 612 praecedentibus,
1435 556 1527 601 mi-

170 657 266 688 nus
301 652 468 687 autem
497 651 627 686 *arcte
657 655 807 701 quam
841 637 893 682 in
925 635 1114 683 familia
1148 637 1395 701 sequente.
1438 642 1528 689 Ca-

172 739 260 791 put
294 728 492 773 thorace
522 725 727 788 quidem
761 723 928 769 minus
962 720 1050 779 est,
1086 722 1215 768 haud
1257 742 1374 771 vero
1404 726 1527 772 adeo

171 830 323 877 quam
350 813 402 858 in
431 809 623 858 familia
652 810 898 872 sequente.
942 808 1138 855 Thorax
1161 810 1272 871 plus
1294 811 1529 857 minusue

172 900 503 955 orbiculatus,
545 898 695 960 paulo
728 894 982 943 interdum
1017 894 1069 939 in
1103 895 1422 943 latitudinem
1448 913 1529 942 ex-

170 985 366 1042 tensus,
406 984 776 1044 coleoptrorum
799 981 991 1028 circiter
1016 982 1388 1046 magnitudine,
1427 981 1529 1044 [ρε-

169 1072 342 1119 ciebus
376 1070 528 1133 longe
553 1068 779 1129 piurimis
800 1070 968 1114 minus
992 1066 1056 1115 est
1076 1085 1348 1125 connexus,
1376 1086 1525 1131 quam

170 1158 225 1204 in
248 1156 456 1204 familiis
484 1154 885 1216 praecedentibus
910 1165 959 1200 et
984 1154 1238 1216 sequente,
1272 1153 1526 1200 interdum

168 1255 339 1290 autem
375 1242 496 1288 adeo
531 1256 816 1297 connexus,
864 1253 920 1288 vt
962 1242 1152 1288 thor-aci
1188 1240 1394 1306 globoso
1429 1239 1529 1302 spc-

170 1329 359 1376 cierum
395 1345 420 1375 e
455 1326 647 1373 familia
682 1326 841 1389 prima
878 1327 1081 1388 propius
1116 1327 1336 1382 accedat,
1365 1325 1527 1373 forma

169 1427 339 1461 autem
386 1413 686 1468 orbiculata,
737 1427 826 1457 nec
880 1413 1078 1459 cordata
1121 1412 1205 1460 vel
1248 1411 1526 1468 obcordata,

169 1500 360 1562 semper
408 1500 467 1545 ab
513 1499 604 1544 illo
649 1496 890 1546 diuersus.
974 1500 1224 1546 Punctum
1268 1497 1440 1560 capitis
1475 1510 1527 1545 et

169 1584 386 1632 thoracis
429 1584 484 1629 in
527 1585 697 1648 regula
736 1586 815 1630 vel
856 1585 1065 1631 omnino
1099 1582 1247 1640 deest,
1296 1584 1373 1630 vel
1403 1584 1525 1631 adeo

169 1669 237 1718 est
284 1670 501 1726 subtilis,
551 1682 606 1715 vt
652 1671 738 1716 vix
773 1671 934 1717 ¹oculis
970 1672 1169 1717 armatis
1208 1669 1301 1716 sese
1338 1667 1524 1716 offerar.

169 1759 250 1804 Al.
283 1757 545 1821 migr-iconis
580 1767 747 1801 autem
782 1767 829 1800 et
867 1759 944 1802 Al.
972 1754 1176 1821 fulgida
1225 1755 1283 1800 ab
1328 1756 1419 1801 hac
1454 1772 1525 1799 re-

169 1842 286 1906 gula
332 1840 650 1901 excipiendae
688 1839 830 1895 sunt5
875 1853 1021 1902 cap-ut
1055 1857 1230 1903 nempe
1261 1852 1310 1885 et
1345 1842 1525 1886 thorax

167 1927 308 1974 illius
351 1926 610 1973 scabriculi
661 1925 796 1983 sunt,
848 1926 878 1971 i.
904 1944 943 1973 e.
980 1927 1180 1988 punctis
1213 1924 1523 1973 crassioribus

168 2011 413 2074 impressi,
463 2011 610 2057 huius
653 2028 772 2058 vero
821 2013 1019 2074 punctis
1063 2012 1231 2075 sparsis
1281 2011 1522 2060 distinctis

168 2097 401 2162 impressi.
494 2099 756 2161 Coleop-tm
799 2097 1062 2160 specierum
1113 2097 1262 2144 huius
1304 2097 1525 2144 familiae

168 2185 403 2249 quadrata
436 2182 523 2229 effe
560 2183 731 2229 solent.

268 2272 498 2317 Familiae
536 2273 616 2315 IV.
666 2270 991 2328 Aleocharae,
1038 2267 1235 2336 statura
1276 2284 1440 2318 coacta
1475 2283 1524 2318 et

169 2355 340 2412 crassa,
370 2355 533 2401 trunci
552 2352 770 2416 partibus
796 2355 1054 2402 arctissime
1074 2359 1287 2403 inuicem
1319 2357 1521 2413 iunctis,

166 2441 477 2499 latiusculis,
511 2458 536 2487 a
560 2439 808 2501 speciebus
840 2443 1242 2500 praecedentibus
1265 2440 1521 2490 differunt.

166 2531 302 2576 Haec
336 2526 510 2574 statura
549 2537 713 2573 coacta
749 2523 888 2570 crass'a
926 2524 1124 2590 singulis
1167 2527 1314 2575 etiam
1357 2529 1521 2575 trunci

168 2615 390 2677 partibus
443 2613 660 2661 formam
711 2610 857 2659 efficit
899 2614 1220 2676 peculiarem,
1273 2614 1519 2676 imprimis

1364 2698 1519 2760 respe-
