1620 3064
198 212 217 241 ι
230 210 251 240 2
261 199 291 252 8
644 193 726 240 IV.
761 190 1090 241 Lathrobium.

696 390 910 435 Gssnvs
963 391 1045 437 IV.

538 514 1195 562 LATHROBIVM.

290 662 579 720 Lathrobia,
625 661 800 708 habitu
832 658 1149 722 planiusculo
1185 659 1438 721 filiformi,
1474 678 1544 710 ca·

188 751 290 814 pite
324 752 619 811 thoraceque
654 747 878 810 punctis,
922 749 1017 793 hoc
1054 748 1366 812 rectangnlo‚
1417 765 1442 795 a
1474 765 1546 794 re·

186 837 344 900 liquis
376 834 678 896 Coleopteris
703 833 1019 894 Micropteris
1053 832 1152 878 iam
1176 832 1415 897 distingui
1436 850 1544 895 pos-

188 926 314 972 sunt.
381 921 654 987 Staphylini
687 920 903 978 fam.II.,
927 921 1124 984 quibua,
1155 920 1316 982 primo
1333 919 1542 978 intuitu,

186 1009 424 1058 similiora
463 1005 553 1053 effe
591 1007 850 1062 videntur,
886 1007 1062 1052 habitu
1096 1005 1210 1052 sunt
1247 1005 1395 1067 paulo
1426 1021 1542 1052 con-

186 1098 413 1152 vexiore,
458 1094 660 1139 thorace
699 1092 829 1137 haud
868 1090 1071 1138 confuse
1108 1091 1183 1138 sed
1219 1093 1298 1138 vel
1330 1090 1542 1137 omnino

185 1198 289 1228 non
326 1181 401 1225 vel
435 1177 625 1241 parcius
655 1189 702 1224 et
732 1176 935 1223 striatim
959 1189 1171 1240 puncto,
1207 1178 1411 1239 pedibus
1434 1179 1544 1224 lon·

188 1267 412 1332 gioribus
462 1277 511 1311 et
556 1263 927 1328 gracilioribus,
998 1263 1155 1325 palpis
1204 1262 1542 1321 filiformibus,

186 1354 273 1416 qui
309 1352 559 1413 optimum
586 1353 817 1412 praebent
841 1352 1163 1397 characterem
1184 1349 1541 1397 distinctiuurn.

182 1440 323 1500 Palpi
356 1436 628 1483 acuminati
656 1436 792 1492 sunt,
833 1448 1037 1496 excepto
1061 1441 1114 1482 L.
1136 1438 1342 1499 latipede
1364 1436 1543 1500 (Pino-

182 1525 352 1585 philus
390 1526 459 1569 M.
502 1540 542 1583 p.
569 1526 724 1582 201),
766 1523 848 1567 cui
882 1522 1166 1580 filiformes‚
1207 1534 1262 1569 vt
1295 1522 1542 1584 staphyli·

181 1612 278 1657 nis.
315 1637 377 1645 —
427 1614 497 1654 De
520 1606 847 1655 similitudine
878 1610 1264 1655 Lathrobiorum
1294 1627 1409 1656 cum
1433 1608 1541 1670 qui-

181 1697 388 1743 busdam
417 1697 637 1742 l'aederis
662 1694 774 1739 vide
794 1712 870 1750 ea,
896 1712 1020 1756 quae
1040 1694 1097 1740 de
1116 1696 1337 1742 Paesleris
1363 1695 1540 1743 dicam.

281 1786 414 1827 Haec
449 1780 564 1825 sunt
600 1797 724 1842 quae
759 1781 818 1825 de
852 1780 1161 1838 Lathrobiis,
1206 1782 1427 1844 respectu
1460 1798 1539 1844 ge-

179 1884 359 1913 nerum
387 1865 601 1910 aliorum
628 1882 833 1912 monere
860 1884 939 1913 me
963 1868 1209 1928 oportuit3
1246 1868 1372 1913 haud
1397 1866 1536 1913 enim

181 1970 375 2009 vereor,
424 1968 674 2013 quemque
715 1952 983 1998 Lathrobia
1028 1970 1143 1999 cum
1188 1954 1293 1999 vllo
1325 1951 1424 1998 alio
1459 1969 1538 2016 ge-

182 2056 300 2085 nere
351 2036 658 2083 confundere
704 2035 857 2098 poffe,
909 2038 1026 2084 licet
1072 2040 1372 2086 characteres
1419 2037 1538 2082 huic

185 2124 355 2189 generi
391 2123 577 2184 proprii
611 2124 875 2184 peculiares
900 2141 999 2170 non
1022 2124 1225 2172 exstent.
1280 2125 1537 2170 Character

181 2221 319 2256 totus
379 2209 641 2268 naturalis,
704 2210 786 2255 seu
837 2212 1129 2272 complexus
1182 2213 1534 2271 characterum,

181 2298 269 2360 qui
316 2297 550 2343 omnibus
591 2295 738 2340 huius
783 2297 974 2360 generis
1017 2297 1268 2359 speciebus
1309 2315 1535 2344 commu-

182 2400 266 2428 nes
302 2383 441 2437 sunt,
495 2379 741 2427 sufficient
784 2382 842 2426 ad
887 2383 1212 2444 praebendam
1255 2382 1533 2447 genericam

179 2468 569 2515 distinctionem.
668 2465 885 2513 Habitus
944 2468 1024 2513 hic
1089 2480 1248 2514 certus
1297 2469 1534 2515 naturalis

180 2556 350 2600 omnia
410 2551 670 2599 Lathrobia
722 2550 901 2615 iungit.
975 2552 1074 2617 Qui
1117 2566 1282 2600 autem
1332 2553 1534 2616 systema

176 2638 457 2699 artificiale,
506 2640 728 2704 partibus
779 2640 878 2687 oris
927 2651 1013 2687 aut
1055 2639 1240 2701 pedum
1280 2639 1532 2696 innixum,

1356 2725 1533 2772 conde·
