1620 3064
187 171 285 225 194
548 158 678 204 vm,
718 155 971 220 Oxytezus.
1008 158 1205 203 F.1.11.

327 288 528 331 Statura
566 279 860 327 inter-media
905 279 1038 326 inter
1084 282 1177 327 Ox.
1216 281 1454 327 caelatum
1496 291 1550 327 et

261 372 558 419 corticinum.

332 459 494 519 Caput
527 451 762 516 nigrum,
814 450 970 514 palpis
1005 462 1056 498 et
1088 462 1416 499 antennarum
1453 449 1553 498 basi

265 539 469 590 testaceo
481 566 498 574 -
511 537 647 586 rufis.

341 625 540 672 Thorax
573 621 737 670 foueis
768 623 960 671 duabus
978 623 1445 688 longitudinalibus,
1467 623 1555 670 vix

264 711 535 777 paululum
572 709 806 767 arcuatis,
845 709 979 770 apice
1014 720 1230 755 attamen
1264 709 1422 774 magis
1460 709 1556 755 dis-

265 797 517 853 tantibus,
559 807 848 857 punctoque
888 793 1118 840 distincto
1155 794 1263 856 (qui
1302 795 1556 842 interdum
1604 794 1609 798 ’

265 885 419 932 etiam
455 884 507 928 in
543 884 600 928 O.
635 883 818 928 caelato
854 877 1196 926 obsoletiffime
1225 868 1374 942 aden)
1414 880 1557 940 supra

268 970 428 1032 apices
465 966 750 1024 fouearum,
788 983 876 1013 nec
910 983 1013 1012 non
1034 961 1344 1026 impressione
1363 965 1558 1011 laterali

268 1052 495 1102 distincta
527 1050 797 1113 impreffus.

337 1140 596 1199 Coleoptra
634 1136 899 1183 latitudine
941 1137 1088 1197 paulo
1124 1134 1379 1199 longiora3
1426 1133 1557 1181 linea

267 1221 628 1289 longitudinali
670 1222 913 1268 humerali
959 1219 1263 1268 distinctiore
1307 1239 1456 1285 quam
1501 1224 1557 1270 in

270 1314 329 1359 0.
364 1310 589 1357 cor-ticino
621 1306 859 1371 impressa.

340 1400 589 1443 Punctum
626 1393 840 1441 thoracis
877 1406 925 1440 et
953 1396 1232 1456 elytrorum
1260 1393 1454 1441 subtilis
1477 1393 1556 1443 est.

340 1483 492 1529 Pedes
538 1479 660 1539 rufi,
715 1480 993 1529 femoribus
1029 1482 1283 1529 interdum
1314 1481 1564 1530 obscurio-

273 1569 428 1618 ribus.

342 1654 511 1703 Huius
545 1652 749 1714 Oxyteli
787 1652 1050 1716 specimina
1085 1654 1185 1701 duo
1218 1659 1364 1703 Dom.
1401 1662 1564 1705 Sturm

277 1741 634 1787 beneuolemer
670 1756 868 1786 mecum
901 1740 1310 1789 communicauit.
1343 1747 1410 1778 -'-·
1451 1748 1564 1789 For·

275 1825 358 1872 san
390 1825 570 1886 spe-cies
603 1823 669 1870 est
702 1825 986 1886 pecu1iaris,
1018 1842 1159 1884 cum,
1197 1829 1409 1876 thoracis
1439 1848 1563 1892 pun·

274 1926 358 1959 cto
391 1912 682 1960 antecollari
717 1921 766 1955 et
809 1908 1119 1971 impreffione
1160 1913 1353 1959 laterali
1398 1913 1564 1962 distin·

275 2000 394 2056 ctis,
446 2015 551 2045 non
589 2009 687 2043 tam
728 1994 952 2042 medium
990 2008 1126 2043 tenet
1159 1997 1292 2046 inter
1331 2002 1386 2046 Ο.
1411 2004 1566 2048 caela-

276 2097 380 2132 tum
416 2097 465 2131 et
505 2085 808 2140 corticinum,
858 2099 1007 2145 quam
1043 2083 1103 2130 ab
1137 2096 1350 2148 Vtroque
1385 2084 1562 2134 differt.

681 2258 973 2301 FAMIL1A
1033 2257 1094 2300 II.

345 2343 530 2405 Corpus
565 2338 940 2403 planiusculum
976 2339 1176 2388 lineare.
1490 2400 1495 2404 Σ

345 2428 506 2489 Caput
542 2426 754 2474 thoracis
792 2427 1142 2491 magnitudine
1179 2429 1259 2475 vel
1293 2429 1442 2491 paulo
1475 2428 1568 2475 mi-

280 2527 402 2568 nus,
445 2511 760 2574 impreffione
803 2515 933 2559 inter
966 2525 1203 2561 antennas
1241 2525 1565 2568 excauatum3

279 2597 434 2658 palpis
468 2611 515 2644 et
545 2600 769 2646 antennis
804 2611 861 2649 vt
892 2598 944 2644 in
976 2597 1166 2646 familia
1203 2599 1372 2661 prima.

1367 2683 1563 2731 Thorax
