1620 3064
443 209 530 253 111.
561 204 884 270 Staphylinus.
918 208 966 251 F.
987 209 1025 254 Ι.
1342 221 1406 269 43

129 330 384 378 varietates
430 331 544 378 sunt
587 329 765 393 species
799 330 1090 393 peculiareS,
1135 347 1285 393 quae,
1329 351 1411 380 co.

130 418 247 479 pula
293 416 421 463 inter
457 417 503 463 se
537 417 756 471 iunctae,
801 416 1055 462 varietates
1091 415 1412 466 intermedias

131 513 424 565 genuerunt.
509 501 774 547 varietates
828 500 940 546 ideo
995 502 1275 565 ’praecipuas
1329 504 1412 551 hic

132 589 401 633 accuratius
453 585 696 632 recensere
738 597 787 630 et
831 584 1096 632 describere
1137 587 1265 632 mihi
1302 606 1411 651 pro·

132 671 345 735 positum
390 670 467 718 est.
537 669 977 733 Disquifitionibus
1018 682 1066 717 et
1109 673 1410 721 obseruatio-

132 756 277 802 nibus
309 756 545 803 reiteratis
582 769 630 803 et
661 757 1022 819 multiplicatis,
1058 757 1194 821 lapsu
1219 772 1408 823 tempo-

131 839 199 887 ris
230 841 491 888 diiudicari
524 842 732 904 poterit,
763 858 822 887 an
855 843 943 888 hae
979 843 1230 890 varietates
1251 863 1410 893 remo-

131 927 278 974 tiores
320 927 497 990 species
538 925 630 973 [int
674 928 941 991 genuinae,
991 945 1053 974 an
1096 929 1225 974 nihil
1268 931 1406 978 aliud

131 1029 281 1074 quam
317 1013 576 1061 varietates
613 1013 762 1061 Vnius
799 1013 1117 1076 eiusdemque
1152 1013 1339 1078 speciei.

99 1112 322 1158 Varietas
354 1122 455 1157 tota
493 1112 645 1176 nigra.

195 1213 351 1274 Long.
390 1221 422 1269 4
455 1209 545 1256 lin.

201 1311 357 1371 Caput
388 1308 719 1354 orbiculatum
753 1307 837 1354 seu
872 1305 1197 1367 subouatum‚
1240 1311 1408 1358 latitu-

134 1392 246 1438 dine
279 1394 485 1455 paulum
522 1392 746 1456 longiu53
781 1394 977 1438 thorace
1007 1394 1192 1441 minus,
1263 1402 1408 1445 Man-

135 1477 321 1525 dibulis
352 1480 505 1542 magis
539 1480 771 1524 minusue
796 1478 982 1524 validis.
1053 1481 1297 1527 Antennis
1333 1483 1408 1530 ni-

135 1564 433 1628 gricantibus
470 1564 551 1610 seu
582 1563 977 1611 fuscescentibus.

204 1664 353 1708 Pedes
413 1660 763 1716 fuscescentes;
824 1661 1098 1710 femoribus
1157 1666 1409 1715 interdum

134 1748 516 1797 obscurioribus.

203 1849 316 1892 Huc
352 1845 599 1909 pertinent
630 1845 886 1893 varietates
922 1865 941 1892 1
982 1859 1028 1893 et
1061 1865 1087 1893 2
1124 1853 1198 1896 M.
1232 1869 1276 1913 p.
1299 1867 1374 1908 32.

205 1941 498 1991 Differentia
521 1943 881 2006 magnitudinis
904 1942 1073 2011 capitis
1099 1946 1302 2009 eiusque
1316 1948 1414 1994 for-

140 2045 275 2086 mae,
329 2041 376 2075 et
422 2028 733 2075 fortitudinis
779 2028 1212 2088 mandibularum,
1267 2016 1413 2079 nullo

139 2115 289 2160 modo
321 2112 539 2160 adhiberi
572 2112 725 2176 potest
755 2115 814 2159 ad
851 2130 1034 2160 nouam
1069 2115 1275 2178 speciem
1303 2136 1416 2164 con-

141 2198 367 2245 dendam.
452 2203 586 2245 Haec
633 2198 765 2245 enim
822 2196 1096 2246 differentia
1144 2202 1195 2246 in
1240 2204 1415 2251 multis

142 2284 252 2330 aliis
282 2284 676 2345 coleopterorum
704 2295 752 2329 et
771 2283 989 2347 ipsorum
1007 2286 1417 2348 micropterorum

145 2367 393 2429 speciebus
432 2368 743 2426 obseruatur,
792 2381 841 2415 et
879 2368 1042 2416 forsan
1089 2372 1237 2418 etiam
1281 2370 1416 2419 diffe-

143 2452 328 2498 rentiae
363 2451 547 2500 sexuali
579 2453 851 2517 respondet.

115 2553 171 2597 V
166 2552 339 2596 arietas
372 2550 540 2615 nigra,
570 2552 741 2612 elytris
777 2551 1016 2601 castaneis.

213 2638 366 2700 Long.
398 2648 425 2691 5
457 2662 523 2672 -—
553 2640 581 2683 6
615 2637 702 2684 lan.

1263 2725 1424 2789 Caput
