1620 3064
550 184 866 217 PRAEFATIO.
1307 190 1383 223 XV

39 295 290 360 cropteris
322 293 524 358 semper
555 292 782 340 exsertus
815 290 894 339 est.
967 294 1254 358 Nunquam
1285 314 1382 362 ego

33 383 176 430 hunc
219 381 497 428 articulum
545 379 601 425 in
635 379 885 426 Paederis
919 377 1380 443 deprehenderam,

36 482 142 528 quo
173 457 426 514 'inductus
460 474 516 511 vt
553 463 839 519 crederem,
889 463 1139 513 Paederos
1168 467 1270 514 hoc
1302 485 1381 516 ar-

34 552 197 599 ticulo
230 569 423 608 carere,
461 551 804 597 characterem
839 550 1181 614 praecipuum
1207 551 1380 601 distin-

34 637 233 683 ctiuum
280 638 479 700 generis
522 635 586 683 de
625 633 846 681 absentia
883 634 995 681 eius
1030 635 1375 687 desumebam.

32 719 264 771 Tandem
287 731 460 768 autem
491 722 545 768 in
577 720 879 767 collectione
901 720 1264 770 Latreilleana
1287 728 1378 771 Pa-

31 804 185 862 rifiis,
240 806 378 854 inter
421 806 585 853 multa
628 806 725 852 alia
772 807 950 853 huius'
976 808 1175 870 generis
1217 806 1378 872 speci-

30 891 197 947 mina,
234 891 450 938 Vnicum
487 890 725 938 videbam
758 892 982 938 Paeclerz'
1009 890 1280 940 orbiculati
1298 894 1377 940 in-

31 973 316 1034 diuiduam
361 976 579 1023 articulo
622 986 805 1038 quarto
841 976 1117 1040 palporum
1153 979 1378 1025 anterio-

37 1072 157 1105 rum
209 1058 545 1108 subuliformi
590 1059 811 1117 exsert03
859 1071 908 1107 et
952 1078 1094 1108 nunc
1136 1079 1220 1110 me
1256 1080 1380 1111 con-

30 1145 230 1192 victum
286 1144 559 1203 confiteor,
624 1146 885 1193 Paederos
936 1162 1146 1208 quoque
1196 1148 1378 1212 palpis

28 1231 367 1279 anterioribus
402 1229 906 1294 quaclriarticulcztis‚
944 1231 1161 1279 articul-o
1194 1233 1376 1282 vltimo

13 1310 376 1386 subztlzsormz'‚
419 1314 690 1362 instructos
721 1313 830 1361 effe.
900 1314 1248 1379 Perfingulare
1283 1334 1374 1364 au-

29 1410 137 1446 tem
173 1411 222 1447 et
257 1410 439 1447 notatu
476 1398 697 1463 dignum
731 1397 827 1456 est,
861 1400 1180 1464 l'fficroptera
1211 1402 1373 1450 huius

25 1487 227 1550 generis
260 1485 538 1532 articulum
571 1483 816 1531 Vltimum
848 1484 1125 1547 palporum
1146 1488 1372 1535 anterio-

27 1586 147 1618 rum
192 1569 392 1634 femper
423 1568 531 1616 fere
564 1569 619 1616 in
651 1569 1006 1633 penultimum
1042 1572 1370 1633 abscondere,

26 1653 170 1717 quod
210 1670 477 1717 nunquam
510 1654 565 1700 in
596 1654 809 1716 reliquis
839 1656 1197 1721 Micropteris,
1238 1675 1372 1723 quo·

29 1756 147 1787 rum
179 1740 319 1804 palpi
350 1738 633 1787 acuminati
663 1737 809 1797 sunt,
845 1740 1161 1789 obseruatur.

124 1879 402 1945 Propertio
436 1881 739 1945 palpomnz,
790 1883 989 1932 ratione
1023 1883 1370 1949 longitudinis

25 1975 77 2013 et
109 1965 354 2023 crassitiei,
385 1965 526 2013 haud
557 1963 759 2030 semper
788 1967 967 2015 eadem
1001 1968 1080 2016 est.
1152 1971 1369 2033 Longis-

26 2049 139 2098 fimi
178 2050 297 2098 sunt
326 2062 375 2099 et
407 2053 616 2117 graciles
652 2054 818 2100 Stenis
853 2063 902 2100 et
938 2050 1246 2118 Staphylino
1268 2050 1369 2117 ste-

27 2137 193 2194 midi,
241 2153 337 2184 nec
377 2154 486 2184 non
525 2136 835 2186 Aleoclzaris
875 2137 1186 2201 quibusdam
1224 2141 1289 2198 (e.
1317 2154 1365 2202 g.

27 2221 119 2270 Al.
158 2235 281 2270 exon
308 2240 393 2279 ae,
434 2220 621 2286 speciei
650 2226 852 2282 nouae).
928 2220 1250 2286 Staplzylinis
1266 2218 1369 2289 sa-

27 2305 198 2352 miliae
235 2312 436 2371 primae
471 2309 632 2369 (nunc
662 2308 892 2371 quintae)
922 2323 1014 2353 nec
1043 2323 1151 2352 non
1185 2302 1365 2369 Staph.

35 2392 178 2440 Vlmz'
222 2405 272 2440 et
311 2398 448 2442 tenui
483 2411 510 2441 e
543 2393 734 2440 familia
780 2393 928 2438 tertia
970 2393 1135 2450 (nunc
1175 2390 1367 2454 prima)

29 2475 284 2525 crassiores
325 2496 480 2541 quam
521 2478 735 2540 reliquis
770 2476 1098 2540 Staphylinis.
1168 2475 1367 2523 Euae-5-

26 2557 189 2619 theto,
225 2565 401 2626 generi
436 2581 605 2623 nou0‚
639 2562 782 2627 longi
819 2571 868 2609 et
898 2560 1097 2608 clauati.

1289 2671 1368 2722 Ad
