1620 3064
578 228 620 273 1.
665 224 996 291 Tac-hyporus.
1052 227 1106 275 F.
1127 228 1165 273 Ι.

329 354 448 401 culo
487 369 507 401 1
545 348 845 408 ctaffissimo,
891 365 921 397 2
952 349 1104 411 paulo
1138 348 1358 408 minore,
1394 352 1567 401 ambo.

332 441 426 487 bus
474 450 642 485 autem
690 438 855 483 multo
897 433 1204 482 craffioribus
1251 451 1401 497 quam
1449 438 1566 484 reli.

332 525 448 590 qui,
488 540 601 583 3-7
640 523 930 589 gracilibus,
977 519 1066 566 vix
1104 518 1274 566 senfin]
1311 522 1566 570 crescenti-

335 614 446 669 bus,
487 621 514 665 8
531 639 558 645 —
578 627 595 657 1
613 627 629 657 1
669 607 993 665 craffioribus,
1016 607 1199 654 vltimo
1227 620 1378 654 ouato
1402 622 1565 658 acuto.

273 698 472 746 Thorax
505 712 788 754 connexus,
824 693 1145 759 longitudine
1165 696 1445 757 quadruplo
1467 696 1569 744 fere

339 783 516 840 latior,
556 780 746 844 apicem
781 781 944 827 versus
982 780 1132 842 paulo
1164 780 1462 844 angustatus.

270 870 529 932 Coleoptra
568 884 818 925 connexa,
859 867 1096 912 lateribus
1134 867 1421 923 rotundam,
1460 867 1570 914 tho-

340 972 449 1002 race
480 953 656 1001 latiora
693 965 740 1000 et
775 953 930 1014 duplo
957 951 1213 1016 longiora5
1250 951 1425 1012 elytxis
1449 969 1568 1016 qua-

339 1041 507 1087 dratis.

276 1127 529 1174 Abdomen
559 1126 736 1181 breue,
776 1136 1009 1181 acutum,
1047 1122 1136 1169 sub
1161 1123 1442 1186 coleoptera
1464 1139 1570 1172 om-

340 1213 465 1258 nino
503 1209 605 1257 fere
641 1221 923 1256 retractum.

340 1301 477 1343 Haec
510 1295 701 1341 familia
730 1312 880 1341 Vnam
915 1295 1068 1341 modo
1094 1294 1301 1356 speciem
1327 1297 1568 1356 continet,

275 1399 402 1445 quae
426 1382 632 1444 quidem
662 1378 923 1426 tranfitum
964 1382 1023 1426 ad
1048 1382 1304 1444 Scaphidia
1341 1381 1569 1441 ostendit,

275 1467 358 1514 sed
410 1468 553 1513 nullo
610 1467 762 1512 modo
817 1483 931 1513 cum
978 1468 1048 1513 eis
1097 1466 1344 1514 confundi
1398 1465 1568 1528 potest.

276 1558 465 1614 Corpus
503 1550 929 1616 globofiusculum
978 1570 1293 1610 connexum,
1350 1552 1572 1614 partibus

279 1637 450 1685 trunci
480 1637 661 1684 arctius
695 1638 1095 1696 cohaerentibus,
1131 1651 1179 1684 et
1206 1639 1455 1700 coleoptra
1492 1638 1573 1685 ab·

279 1722 504 1770 dominis
542 1721 814 1769 maximam
851 1736 1039 1784 partem
1072 1723 1287 1788 tegentia
1313 1726 1574 1787 Tachypo-

279 1810 347 1856 ris
374 1809 520 1854 huius
539 1807 759 1853 familiae
781 1824 895 1854 cum
912 1810 1184 1872 Scaphidiis
1210 1811 1414 1873 quidem
1437 1828 1572 1858 com-

278 1897 454 1943 munia
476 1894 613 1951 sunt;
647 1896 724 1942 his
759 1916 874 1946 vero
913 1900 1069 1959 elytra
1103 1897 1217 1942 sunt
1249 1898 1437 1958 apicem
1463 1913 1571 1942 ver-

278 1982 357 2028 sus
404 1979 577 2027 sensim
619 1981 896 2047 angustata,
944 1985 1077 2044 apice
1121 1982 1226 2043 ipso
1265 1980 1443 2027 obtuso
1478 1996 1569 2026 nec

278 2079 524 2115 truncato.
571 2068 742 2127 Elytra
767 2082 931 2115 autem
954 2081 1175 2114 truncata
1202 2068 1317 2113 sunt
1337 2066 1569 2113 omnium

276 2154 702 2214 IMicropterorum
734 2156 978 2202 character
1003 2155 1297 2201 communis.
1354 2158 1569 2199 Praeter-

280 2257 334 2287 ea
362 2251 530 2285 autem
551 2238 809 2299 scaphidiis
843 2241 955 2287 sunt
986 2239 1121 2303 palpi
1150 2238 1438 2294 filiformes,
1477 2242 1571 2285 Ta-

276 2325 512 2389 chyporis
543 2324 692 2372 huius
728 2326 947 2374 familiae
983 2338 1148 2372 autem
1183 2322 1471 2371 acuminati.

344 2418 387 2458 A
434 2410 741 2471 Tachyporis
789 2412 1008 2458 familiae
1054 2410 1298 2473 sequentis
1347 2401 1466 2454 haec*
1496 2405 1569 2455 fa-

275 2496 418 2544 milia
442 2512 645 2557 corpore
665 2497 821 2561 magis
844 2497 1156 2559 sphaeroideo
1178 2508 1251 2552 et,
1290 2493 1428 2557 quod
1450 2492 1568 2539 inde

274 2581 524 2643 sequitur,
572 2582 731 2645 capite
766 2586 962 2632 thorace
997 2582 1360 2646 coleoptrisque
1399 2579 1566 2627 multo

274 2667 538 2716 latioribus
574 2666 752 2718 differt.

1421 2768 1442 2799 1
1452 2785 1464 2798 .
1504 2753 1559 2798 T.
