1620 3064
156 210 256 257 223
664 194 801 239 XIII.
834 193 1020 241 Stenas.

303 320 505 369 Thorax
539 317 810 380 coleoptris
844 319 995 381 paulo
1028 319 1241 369 breuior.

198 410 433 458 Varietas
497 406 730 451 antennis
795 405 1003 452 obscuro
1032 406 1256 464 -fnscis,
1320 407 1531 454 articulo

231 494 400 558 primo
445 490 716 555 nigerrimo
763 493 953 550 nitido,
1008 493 1200 540 habitat
1241 493 1435 542 Parifiis
1466 516 1534 529 —-⁴·

236 571 529 641 Desmarest.

205 669 436 714 Varietas
470 665 647 722 altera,
680 665 762 712 cui
784 670 934 712 Dom.
956 664 1086 712 Prof.
1106 665 1271 713 Knoch
1296 665 1423 713 olim
1446 682 1536 714 no-

238 770 355 800 men
393 755 461 798 Sc.
491 753 797 817 geniculatus
835 751 1106 808 tribuerat,
1155 750 1335 799 statura
1382 754 1535 814 paulo

240 839 525 905 graciliore,
561 839 758 885 thorace
779 838 927 899 paulo
950 838 1175 902 longiore
1196 838 1538 904 (longitudine

241 925 429 973 scilicet
458 923 779 971 latitud-inem
808 924 1073 985 paululum
1100 925 1390 983 excedente,
1421 919 1538 973 cuni

243 1015 314 1059 St.
347 1011 540 1058 oculato
572 1008 837 1056 communi
869 1010 1048 1056 thorax
1082 1009 1403 1073 longitudine
1430 1012 1540 1059 lati-

241 1097 439 1145 tudinis
473 1095 551 1156 fit)
587 1108 830 1158 punctura
873 1095 1023 1156 paulo
1055 1093 1339 1153 subtiliore,
1376 1096 1541 1160 longi-

243 1185 424 1231 tudine
461 1185 521 1249 2}
553 1183 828 1237 linearum,
875 1199 900 1228 a
938 1185 1007 1227 St.
1045 1183 1235 1227 oculato
1275 1183 1538 1229 communi

245 1266 504 1326 differens,
557 1269 616 1314 ad
662 1266 842 1328 species
883 1266 1203 1313 intermedias
1241 1266 1371 1313 inter
1403 1270 1541 1316 hunc

242 1368 294 1403 et
331 1356 700 1419 praecedentem
734 1357 944 1400 Stenuni
975 1352 1222 1416 pertinere
1260 1353 1470 1402 videtur.

211 1444 517 1490 Varietatem
543 1439 755 1498 tertiam,
781 1439 923 1485 cuius
946 1439 1213 1501 specimina
1234 1443 1371 1502 plura
1388 1448 1538 1490 Dom-⁹

245 1528 382 1574 Dahl
426 1525 734 1591 Brunsuigae
777 1526 925 1590 legit,
985 1531 1136 1572 Dom.
1190 1528 1323 1575 Prof.
1371 1530 1542 1577 Knoch

247 1613 376 1660 olim
423 1628 513 1675 pro
554 1611 711 1674 specie
754 1613 1015 1676 peculiari,
1080 1615 1171 1661 sub
1220 1616 1423 1662 nomine
1470 1619 1540 1662 St.

236 1693 495 1763 spectator
526 1697 700 1744 habuit
735 1711 783 1744 et
819 1717 1017 1746 mecum
1043 1702 1440 1748 communicauit
1463 1699 1542 1748 his

245 1784 607 1832 characteribus
644 1782 968 1831 distinctiuis:
1008 1791 1112 1832 “Sc.
1133 1783 1387 1851 spectator
1409 1787 1542 1833 haud

246 1874 317 1917 St.
361 1872 539 1918 oculati
582 1868 790 1915 varietas
835 1868 925 1926 est,
974 1888 1089 1917 nam
1131 1871 1320 1933 semper
1355 1872 1414 1918 ab
1448 1874 1543 1919 hoc

245 1952 415 2002 differt
454 1953 725 2000 latitudine
766 1953 1060 2018 insigniore,
1110 1957 1373 2004 tuberculo
1402 1957 1541 2005 fron·

244 2040 337 2089 tali
374 2039 655 2087 orbiculato
692 2040 828 2099 (cuni
866 2045 1008 2088 Steno
1041 2044 1232 2089 oculato
1269 2042 1402 2089 linea
1430 2045 1542 2091 lon·

241 2125 535 2192 gitudinalis
588 2126 779 2171 eleuata
833 2125 1064 2174 frontalis
1109 2127 1212 2187 fit),
1272 2129 1540 2192 coleoptriS

241 2214 442 2259 thorace
462 2210 782 2276 longioribus
796 2247 808 2268 ,
832 2212 1190 2262 habitatione.''
1229 2219 1335 2278 Ego
1355 2226 1539 2272 autem,

240 2297 517 2345 collatione
549 2297 822 2360 specierum
858 2298 1145 2358 ambarum,
1184 2302 1273 2346 hos
1302 2301 1541 2346 characte-

237 2400 314 2431 res
361 2383 682 2430 distinctiuos
736 2382 889 2428 nimis
941 2383 1145 2432 subtiles
1189 2385 1426 2448 putabam
1465 2386 1540 2432 ad

234 2469 601 2534 seiungendum
639 2468 756 2513 illos
789 2471 966 2516 Stenos
999 2469 1051 2515 in
1088 2472 1207 2518 duas
1240 2471 1423 2533 species
1457 2488 1538 2533 pe-

234 2556 459 2602 culiares,
540 2560 675 2603 Haec
709 2553 920 2602 varietas
957 2568 1154 2615 autem,
1211 2555 1392 2603 statura
1429 2556 1537 2618 qui-

232 2640 348 2688 dem
393 2640 611 2701 minore,
664 2652 886 2689 attamen
933 2644 1134 2707 punctis
1173 2658 1326 2705 aeque
1374 2640 1534 2689 crassis

1440 2730 1533 2777 im·
