1676 3069
327 534 1106 595 PRAEFATIO.

149 763 306 832 Quod
349 766 452 814 iam
497 783 635 816 anno
671 782 811 825 1802.
850 763 993 813 edidi
1030 760 1260 829 Syfiema
1295 766 1391 816 Co·

43 849 387 913 leopterorum
443 854 883 917 Micropterorzmz
926 849 1187 898 artificiale
1233 860 1386 898 natu-

42 934 139 982 rali
189 935 428 997 quidem,
490 950 744 1002 quatenus
793 936 903 985 fieri
945 946 1171 1000 poterat,
1239 934 1386 984 adae-

43 1036 204 1084 quare
250 1022 532 1082 tentabam;
594 1023 794 1089 saepius
839 1033 1014 1071 autem
1057 1021 1387 1085 exceptiones

43 1106 301 1155 obstabant
352 1107 486 1155 mihi
531 1109 832 1172 probantes,
885 1118 1126 1156 naturam
1170 1105 1384 1154 vincula

44 1190 320 1255 systematis
354 1192 628 1241 artificialis
660 1193 800 1242 haud
837 1194 1076 1251 tolerare,
1127 1201 1177 1239 et
1210 1191 1386 1239 inuito

41 1293 127 1324 me
183 1277 427 1341 cogebar,
492 1277 710 1342 speciem
765 1278 1043 1341 quamdam
1093 1293 1121 1324 a
1170 1276 1387 1339 reliquis

41 1361 392 1425 cospeciebus,
438 1363 628 1424 quibus
662 1374 845 1411 natura
887 1380 998 1411 eam
1039 1361 1382 1418 ass'ociauerat‚

40 1463 334 1504 remouere,
384 1447 596 1496 iubente
630 1447 804 1495 forsan
840 1448 1127 1496 charactere
1161 1445 1380 1509 singulo,

42 1547 197 1594 quem
219 1569 231 1588 ‚
267 1529 553 1579 secundum
594 1534 804 1598 rugulas
836 1532 1114 1597 systematis
1150 1530 1384 1578 artificia-

41 1616 132 1673 lis,
169 1614 231 1662 ad
264 1615 363 1662 hoc
396 1633 559 1680 genus
591 1617 1014 1683 distinguendum
1051 1628 1100 1665 et
1120 1616 1384 1680 deflgnan-

40 1701 168 1750 dum
212 1700 593 1764 adoptaueram,
625 1756 630 1761 ,
667 1705 775 1750 Hac
812 1702 1233 1750 inconuenientia
1272 1715 1384 1746 mo-

37 1800 146 1846 tus,
195 1785 450 1851 systemati
495 1787 573 1834 illi
613 1786 865 1834 artificiali
909 1788 1140 1835 naturale
1180 1787 1382 1848 iuxtap-

36 1890 253 1941 ponam,
303 1888 408 1935 quo
447 1873 666 1936 quisque
699 1891 893 1921 nexum
927 1873 1213 1920 naturalem
1249 1872 1384 1918 inter

38 1975 222 2026 genera
254 1968 303 2007 et
337 1956 527 2021 species
566 1959 999 2023 Coleopterorum
1033 1959 1383 2022 Microptero-

36 2063 157 2095 rum
190 2043 474 2109 perspiciat.

139 2135 344 2197 Quanto
410 2127 709 2193 diligentius
765 2141 939 2179 autem
993 2131 1129 2193 leges
1186 2125 1380 2183 studeo,

40 2215 229 2279 quibus
275 2224 459 2261 natura
493 2214 550 2261 in
585 2214 870 2263 formandis
903 2213 1207 2279 corporibus
1239 2226 1385 2275 orga-

40 2301 168 2347 nicis
197 2300 327 2363 agit,
360 2309 502 2345 tanto
539 2299 835 2370 euidentius
866 2299 999 2346 mihi
1034 2308 1200 2362 patet,
1234 2307 1384 2342 natu-

41 2401 150 2432 ram
185 2384 354 2431 forsan
386 2384 594 2430 nullum
627 2401 814 2449 genus,
847 2384 903 2431 in
930 2382 1078 2431 sensu
1105 2381 1384 2437 hodierno,

43 2468 328 2533 agnoscere.
418 2469 589 2516 Multa
641 2485 854 2533 genera,
916 2484 1072 2531 quae,
1131 2463 1387 2529 quamdiu

43 2568 236 2617 paucae
267 2552 630 2622 tantummodo
666 2552 856 2617 species
889 2568 1073 2600 eorum
1099 2548 1387 2608 existerent,

45 2635 157 2702 ipso
191 2646 301 2685 toto
331 2638 617 2687 charactere
655 2648 869 2686 externo
904 2637 995 2687 seu
1029 2637 1212 2687 habitu
1239 2645 1394 2684 natu-

1290 2718 1387 2767 rali
