1620 3064
182 194 244 230 10
547 180 584 223 Ι.
627 173 953 240 Tachyporus.
1016 176 1066 218 F.
1092 177 1165 220 11.‘

308 303 512 352 Habitat
557 299 887 362 Brunsuigae,
939 298 1096 342 lectus
1132 296 1200 360 ²in
1242 296 1422 345 muscis
1463 297 1525 344 ad

241 405 516 455 quercuum
552 398 752 431 truncos
787 413 855 422 —
889 385 1036 432 Dahl.

315 480 368 522 T.
396 469 590 539 pusillus
622 500 688 510 ——-·
719 473 908 520 Knoch.

175 663 250 708 19.
298 649 351 691 T.
378 646 744 707 capillaricornis
766 643 999 689 antennis
1025 643 1316 707 gracilibus,
1347 642 1523 689 filifor-

236 731 431 787 mibus,
482 730 688 783 ciliatis3
726 728 944 785 nitidus,
980 728 1354 792 nigro-fuscus,
1389 728 1522 776 labio

234 828 285 865 et
321 816 528 878 pedibus
567 814 930 879 pallidioribus.

302 907 506 950 Statura
543 900 865 950 craffiuscula.

300 994 456 1054 Long.
500 1007 515 1034 1
560 988 650 1035 lin.

301 1079 463 1139 Caput
498 1072 878 1133 nitidiffimum,
917 1076 1117 1122 thorace
1151 1074 1303 1135 triplo
1335 1071 1522 1128 minus,

235 1160 645 1225 nigro-fuscum,
692 1162 824 1207 labio
865 1158 1095 1215 testace03
1143 1159 1399 1227 antennis,
1448 1175 1523 1205 ca-

232 1247 352 1310 pitis
390 1246 705 1309 thoracisque
742 1246 1083 1309 longitudine,
1123 1245 1413 1310 gracilibus,
1447 1261 1520 1289 ar-

234 1333 404 1379 ticulis
434 1332 629 1379 duobus
660 1331 834 1393 primis
854 1330 1156 1379 crassioribus
1181 1330 1413 1388 clauatis,
1449 1346 1522 1376 re-

230 1418 386 1481 liquis
433 1417 863 1480 elongato-ouatis
899 1419 1216 1479 aequalibus,
1261 1417 1370 1462 setis
1404 1416 1519 1461 dua-

231 1503 326 1550 bus
365 1504 443 1549 vel
476 1503 634 1549 tribus
669 1504 976 1561 lateralibuS,
1015 1505 1065 1550 in
1103 1506 1288 1552 vltimo
1307 1503 1518 1548 articulo

233 1589 384 1634 etiam
418 1588 709 1650 apicalibus‚
742 1590 797 1635 in
829 1590 1037 1636 articulo
1056 1590 1220 1651 primo
1241 1601 1289 1635 et
1306 1587 1519 1634 secundo

230 1674 576 1737 longioribus,
614 1672 813 1720 vestitis.

302 1759 499 1806 Thorax
544 1758 865 1823 longitudine
916 1759 1088 1817 latior,
1135 1757 1514 1824 nigro-fuscus,

227 1846 428 1908 punctis
464 1862 491 1892 2
529 1858 644 1891 ante
674 1844 952 1908 marginem
981 1846 1260 1903 lateralem,
1297 1862 1515 1908 quorum

231 1933 444 1977 alterum
481 1931 537 1978 in
579 1933 765 1996 angulo
809 1931 959 1992 apicis
995 1931 1207 1976 alterum
1242 1932 1297 1977 in
1329 1932 1516 1994 angulo

229 2017 396 2064 baseos
442 2016 658 2078 politum
696 2016 784 2074 est,
836 2017 1130 2078 punctisque
1173 2032 1199 2061 2
1240 2015 1513 2061 dorsalibus

232 2114 345 2148 ante
381 2103 654 2164 marginem
691 2103 956 2164 apicalem,
994 2100 1265 2163 impress'us.

293 2189 552 2251 Coleoptra
590 2189 848 2251 quadrata,
883 2188 1036 2243 leuia,
1074 2186 1270 2249 punctis
1296 2197 1512 2233 attamen

224 2282 258 2331 4
289 2274 370 2318 vel
397 2289 422 2328 5
458 2271 840 2331 obsoletiffimis,
886 2273 938 2317 in
975 2272 1145 2319 seriem
1176 2272 1512 2335 longitudina-

224 2358 326 2404 lem
357 2358 475 2404 disci
510 2357 780 2420 dispositis,
822 2357 1062 2420 impressa.

295 2444 546 2490 Abdomen
582 2444 847 2505 coleoptris
882 2445 1038 2506 duplo
1073 2442 1298 2509 longiuS,
1345 2441 1512 2507 nigro-

224 2528 445 2586 fuscum,
475 2546 571 2576 ano
605 2530 880 2591 pallidiore.

291 2617 443 2663 Pedes
475 2614 618 2678 picei.

1306 2696 1509 2746 Habitat
