1620 3064
408 193 487 234 VI.
524 188 809 238 Aleochara.
843 190 891 233 F.
913 191 992 232 IV.
1279 203 1367 245 171

166 317 296 359 Haec
342 314 603 359 Aleocham
642 311 699 355 ab
736 311 997 367 omnibus,
1045 325 1158 355 cum
1195 309 1374 371 quibus

104 397 318 445 conferri
355 395 520 458 possst,
555 396 747 441 thorace
785 397 948 441 minus
983 411 1234 451 connexo,
1270 395 1378 441 lati-

104 484 278 529 tudine
327 481 695 544 longitudinem
750 481 901 541 duplo
951 478 1052 525 fere
1097 480 1375 538 excedente,

101 569 268 615 minus
312 567 614 624 orbiculato,
665 565 853 626 apicem
891 562 1054 610 versus
1088 562 1376 627 angustiore,

101 665 190 699 etc.
223 650 394 698 differt.

167 739 417 797 Coleoptra
450 747 657 797 puncta,
692 734 857 792 elytris
884 733 1098 789 macula,
1133 735 1376 796 angulum

100 821 391 867 interiorem
428 820 574 880 apicis
611 818 804 873 versus,
840 815 1235 880 sanguinolenta.

172 905 378 952 Habitat
411 902 622 960 Parifiis,
657 902 803 948 semel
836 903 986 947 modo
1020 914 1171 963 capta.

36 1025 113 1069 60.
151 1020 215 1071 A.
239 1022 514 1076 corniuorcz,
559 1035 732 1081 opaca,
766 1018 930 1082 nigra3
964 1021 1159 1065 thorace
1192 1019 1381 1078 nitido;

102 1118 429 1154 antennarum
467 1103 674 1148 articulo
706 1103 866 1165 primo
902 1103 1030 1150 rufo.

171 1194 393 1242 Statura,
458 1189 812 1252 magnitudine,
876 1205 965 1234 neo
1015 1206 1118 1235 non
1167 1192 1381 1253 partium

105 1273 264 1321 forma
319 1289 370 1318 ac
426 1271 746 1334 proportione
796 1272 1092 1321 Aleocharae
1136 1276 1383 1338 sequentis

114 1357 345 1410 maiori53
383 1355 556 1402 statura
595 1369 758 1403 autem
794 1357 943 1419 paulo
972 1358 1170 1418 latiore,
1206 1364 1384 1420 colore,

104 1441 434 1504 antennisque
470 1439 647 1487 differt.

174 1526 425 1576 Antemnae
469 1525 745 1588 graciliores
794 1543 941 1589 quam
980 1528 1209 1576 affinibus
1242 1532 1385 1578 Aleo-

108 1611 262 1657 charis
291 1612 435 1656 huius
461 1611 703 1669 familiae,
742 1616 896 1675 eapite
918 1615 1214 1677 thoraceque
1235 1618 1382 1678 paulo

110 1695 450 1759 longioribus,
504 1695 927 1756 obscuro-fuscis,
984 1700 1188 1745 articulo
1227 1700 1388 1763 primo

106 1779 396 1827 rufescente.

176 1868 357 1930 Elytrcz
412 1864 758 1927 subquadrata,
827 1867 1128 1916 subtiliffime
1184 1885 1389 1935 puncto·

108 1950 352 2014 rugulosa.

176 2035 380 2082 Habitat
410 2034 462 2079 in
499 2033 713 2081 Borusfia
747 2064 811 2072 —
847 2040 1069 2103 Hellwz'g.

176 2125 217 2168 E
252 2118 548 2166 collectione
581 2122 916 2185 Hellwz'giamz.

49 2226 126 2268 61.
166 2223 228 2272 A.
258 2222 535 2284 bipwzctata
566 2227 637 2270 M.
673 2242 719 2287 p.
742 2241 820 2286 93.

53 2328 128 2371 62.
168 2323 230 2373 A.
255 2320 540 2389 lanuginosa
572 2329 645 2374 M.
679 2345 724 2390 p.
750 2338 827 2390 94.

89 2412 210 2455 Var.
247 2410 551 2456 intermediae
582 2410 709 2457 inter
743 2413 867 2459 hanc
901 2424 948 2458 et
982 2411 1266 2474 sequentem
1297 2412 1398 2477 spe-

122 2493 276 2551 ciem,
318 2494 592 2553 elytrorum
627 2498 817 2543 macula
851 2496 1026 2560 apicali
1060 2497 1282 2557 testacea,
1327 2515 1397 2546 ra·

122 2580 221 2626 rius
256 2590 544 2638 occurrunt,
591 2580 804 2641 Parifiis,
838 2582 891 2629 in
925 2581 1129 2630 stercore
1159 2584 1364 2631 bouino.

1324 2706 1400 2760 63.
