1620 3064
507 219 597 264 111.
637 216 961 282 Staplzylinus.
1354 235 1416 281 37

6 396 22 412 ι
53 342 212 408 specie
242 342 375 389 idem
408 341 566 397 valet,
608 340 744 403 quod
776 341 927 386 modo
962 340 1021 386 de
1056 338 1167 388 aliis
1203 341 1409 406 quibus-

53 430 169 476 dam
202 430 352 475 huius
388 425 608 473 familiae
641 427 948 491 Staphylinis
977 427 1097 474 dixi.

151 519 227 561 De
271 510 600 560 similitudine
640 513 770 560 inter
814 513 1131 576 staphylinos
1177 525 1226 560 et
1257 528 1404 576 quae·

48 601 163 647 dam
199 600 293 646 alia
328 597 744 659 Micropterorum
786 615 963 662 genera
1003 601 1121 645 haec
1150 601 1401 648 monenda

48 687 191 733 sunt:
223 690 383 731 Nemo
412 683 522 728 fane
552 682 902 744 Staphylinum
937 700 1052 729 cum
1085 685 1183 731 alio
1215 689 1398 748 quouis

44 772 351 834 Microptero
380 769 684 824 confundet;
727 780 942 815 attamen
975 785 1151 831 genera
1180 771 1396 819 indicare

42 871 122 904 me
157 867 375 919 oportet,
410 855 592 918 quibus
625 855 720 901 hoc
754 868 908 918 genus
944 853 1109 900 adfine
1144 853 1235 902 effe
1259 856 1395 904 vide-

37 954 122 989 tur
156 969 223 978 —
257 939 516 987 Lathrobia
549 956 576 986 a
610 938 914 1002 Staphylinis
946 936 1063 985 fam.
1086 943 1146 985 ΙΙ.
1185 955 1390 1003 corpore

35 1024 344 1090 depreII-iore,
375 1027 573 1072 thorace
602 1023 804 1071 confuse
826 1035 1038 1087 puncto,
1071 1024 1279 1087 pedibus
1305 1042 1389 1073 va-

32 1112 300 1160 lidioribus
347 1110 682 1167 breuioribus,
738 1109 895 1172 palpis
939 1108 1234 1156 acuminatis
1270 1109 1385 1172 (qui

31 1198 347 1244 solummodo
384 1195 439 1242 in
482 1200 536 1241 L.
572 1196 777 1258 latipede
813 1195 1074 1243 filiformes
1110 1196 1245 1256 sunt)
1287 1195 1383 1242 dif-

30 1282 215 1331 ferunt.
258 1309 325 1319 —
401 1284 479 1330 Ad
525 1284 818 1330 Aleocharas
865 1283 1099 1344 quasdam
1142 1281 1258 1328 fam.
1291 1285 1379 1328 111.

32 1372 93 1429 (e.
114 1386 158 1432 g.
191 1368 252 1413 ad
285 1370 363 1414 Al.
398 1369 646 1429 collarem)
680 1367 884 1430 quidam
921 1368 1199 1430 staphylini
1233 1369 1295 1429 (e.
1327 1384 1377 1431 g.

28 1458 94 1500 Sc.
116 1456 309 1518 elegans
335 1464 384 1498 et
414 1453 700 1511 thoracicus)
734 1470 833 1498 non
866 1452 960 1499 nili
982 1454 1146 1499 colore
1167 1452 1374 1515 propius

25 1540 275 1585 accedunt.
304 1565 372 1575 —-
422 1539 617 1588 Tachini
649 1537 811 1585 forma
847 1551 894 1584 et
921 1536 1242 1602 proportione
1264 1537 1375 1584 tho-

22 1623 147 1671 racis
196 1640 310 1669 cum
354 1621 659 1685 Staphylinis
695 1622 811 1670 fam.
836 1628 871 1670 Ι.
910 1625 1207 1687 quibusdam
1244 1623 1374 1670 fimi·

20 1709 291 1757 litudinem
326 1709 542 1770 aliquam
574 1708 780 1767 habent,
826 1726 948 1771 qua,
982 1710 1174 1756 intuitu
1205 1709 1368 1773 pn‘mo

21 1794 147 1851 leui,
199 1811 257 1841 eo
300 1792 495 1840 facilius
537 1795 696 1858 decipi
743 1794 1022 1859 possumus,
1073 1812 1189 1841 cum
1229 1796 1368 1841 color

20 1882 161 1945 niger
191 1892 239 1925 et
274 1878 450 1926 statura
486 1880 670 1939 maior,
713 1883 764 1928 in
803 1883 897 1928 hoc
927 1898 1104 1945 genere
1142 1881 1365 1937 rariores,

18 1966 271 2022 accedant,
316 1981 353 2010 e.
379 1982 424 2028 g.
458 1966 510 2012 in
555 1967 604 2016 T.
637 1970 794 2030 nigro.
876 1971 978 2012 Iam
1019 1965 1268 2013 difficilius
1302 1963 1367 2012 est

29 2052 82 2102 T.
106 2053 432 2108 inclinantem,
448 2047 728 2117 formosum
761 2065 809 2098 et
844 2070 1090 2111 cernuum,
1129 2053 1367 2098 characte-

17 2135 152 2182 ribus
198 2134 552 2193 essentialibus,
600 2154 692 2183 nec
734 2138 921 2184 ratione
966 2139 1130 2185 habita
1166 2138 1365 2195 coloris,

18 2237 45 2267 a
75 2219 382 2284 Staphylinis
415 2223 564 2269 huius
599 2221 816 2268 familiae
835 2223 1152 2287 distinguere.
1227 2224 1366 2270 Cole-

14 2317 154 2369 optra
191 2322 364 2353 eorum
391 2324 570 2371 nempe
601 2319 782 2370 puncta
818 2320 866 2354 et
898 2307 1115 2370 pilosella
1143 2308 1270 2366 sunt,
1308 2319 1364 2355 vt

16 2390 350 2452 Staphylinis,
389 2410 478 2440 nec
511 2391 635 2439 striis
663 2392 892 2450 crenatis‚
932 2394 1003 2440 vti
1023 2393 1250 2457 plurimis
1275 2398 1366 2441 Ta-

15 2473 176 2520 chinis
211 2474 456 2538 impress'a,
504 2477 582 2523 [ed
612 2476 770 2524 forma
808 2480 1043 2536 thoracis,
1096 2479 1363 2526 deficienti-

13 2559 106 2606 bus
143 2572 446 2622 punctorum
472 2562 709 2621 seriebus,
749 2563 959 2610 articulo
982 2564 1161 2610 vltimo
1191 2577 1363 2611 anten-

13 2660 192 2691 narum
241 2645 374 2692 haud
425 2648 699 2710 parabolice
747 2650 921 2696 lunato
959 2650 1070 2696 satis
1106 2647 1359 2698 differunt.

82 2731 84 2734 ⁴
1155 2734 1363 2798 (Confer
