1620 3064
190 179 254 231 34
595 170 658 215 ΙΙ.
707 164 954 217 Ταεῖιὶηιις.
1004 167 1053 212 F.
1080 169 1142 214 11.

338 292 385 345 T
381 293 539 341 horam
569 288 835 352 coleoptris
873 289 1104 346 breuior3
1148 294 1346 355 punctis
1379 306 1411 356 4
1441 298 1555 345 dor.

257 382 468 439 salibus,
527 398 551 425 2
589 377 769 424 scilicet
816 387 930 422 ante
969 377 1249 442 marginem
1295 384 1554 445 apicalem,

261 488 285 515 2
318 467 544 517 medium
581 462 749 512 versus
785 460 980 523 positis,
1016 474 1064 508 et
1093 478 1337 526 praeterea
1362 468 1554 532 saepius

256 554 418 601 tribus
448 547 832 599 obsoletioribus
861 547 1149 597 lateralibus
1180 553 1553 617 marginalibus,

256 636 539 701 impoeffus,
578 635 736 683 rufus.

329 726 592 788 Coleoptra
640 718 1040 779 rufo-castanea,
1097 723 1317 771 crebrius
1365 741 1552 789 puncta

256 829 410 878 quam
447 811 501 857 in
537 814 596 856 Τ.
620 807 965 872 praecedente,
1003 820 1052 856 et
1087 810 1202 872 pilis
1234 809 1556 861 distinctiori-

254 902 349 948 bus
403 909 552 961 atque
610 893 940 944 crebrioribus
997 894 1148 942 rufo·
1169 896 1552 961 grisescentibus

251 985 440 1035 vestita.

319 1072 576 1120 Abdomen
613 1069 858 1132 pilosum,
899 1068 1134 1133 nigrum,
1177 1068 1548 1135 segmentorum

248 1157 561 1223 masginibus
594 1152 707 1201 rufo
723 1153 1156 1201 ·fuscescentibus.

317 1246 470 1292 Pedes
503 1240 610 1288 rufi.
685 1240 997 1303 Quibusdam
1034 1241 1186 1288 huius
1219 1240 1397 1305 speciei
1419 1243 1547 1291 indi-

247 1331 414 1379 viduis
451 1325 561 1374 tarsi
598 1325 751 1372 antici
784 1326 959 1373 breues
991 1339 1040 1373 et
1075 1327 1271 1375 dilatati
1307 1329 1449 1388 funt,
1500 1343 1549 1378 et
1588 1341 1591 1345 ’

245 1417 482 1466 articulus
506 1413 698 1477 primus
717 1413 959 1460 tarsorum
979 1413 1263 1460 mediorum
1285 1415 1516 1462 dilatatus
1528 1434 1545 1471 3

246 1503 548 1568 quibusdam
595 1498 708 1546 tarfi
752 1499 905 1546 antici
949 1500 1114 1546 multo
1146 1499 1314 1546 minus
1352 1500 1545 1549 dilatati

244 1602 295 1638 et
331 1587 442 1636 tarfi
472 1585 761 1650 posteriores
791 1603 965 1634 omnes
997 1585 1256 1650 [implices.

322 1675 375 1724 T.
397 1675 624 1719 inclinans
659 1699 726 1709 ——-
760 1672 941 1718 Knoclz.

310 1759 516 1807 Habitat
537 1758 842 1822 Brunsuigae
877 1783 943 1793 —
976 1762 1181 1817 Lectus,
1213 1759 1378 1807 mense
1396 1760 1540 1821 Maii,

236 1849 295 1895 in
332 1847 516 1908 syluis,
553 1845 643 1891 sub
677 1843 814 1891 foliis
851 1844 1071 1890 deciduis
1108 1872 1174 1882 —
1211 1847 1358 1894 Dalzl.

310 1938 446 1982 Haec
488 1931 667 1997 species
711 1945 760 1980 et
807 1933 855 1984 T.
877 1926 1124 1995 formosus
1154 1935 1224 1993 (n.
1246 1933 1347 1994 19.)
1383 1931 1538 1980 confi-

242 2019 327 2069 nia
361 2017 616 2083 designant
644 2020 774 2065 inter
795 2017 1118 2081 Staphylinos
1140 2030 1188 2065 et
1207 2017 1536 2065 Tachinos—

241 2105 424 2155 Confer
461 2121 586 2172 quae
619 2105 679 2153 de
709 2105 798 2151 hac
832 2102 1124 2152 confinitate
1155 2121 1201 2168 p.
1228 2118 1304 2151 22.
1336 2105 1530 2155 monui.

1337 2722 1517 2766 Gans
