1620 3064
211 196 311 228 xlv
725 187 1047 222 PRAEFATIO·

208 303 387 355 medio
439 298 816 357 laeuisfimum,
888 296 1136 345 lateribus
1194 293 1565 344 tantummodo

208 400 468 458 punctum
502 386 573 433 fit.

558 471 634 519 Ad
667 489 714 535 p.
736 474 914 521 XXXI.
949 479 1078 534 part.
1118 465 1210 516 inf.

314 560 466 612 Oculi
505 558 803 623 Staplzylim‘
822 553 1071 621 fienoidis
1101 554 1266 602 oculis
1286 554 1566 620 micropte-

208 666 421 706 rorum,
458 646 523 694 de
557 645 749 709 quibus
784 660 979 690 nomen
1014 642 1183 699 ducit,
1224 641 1410 689 fimiles
1444 658 1566 707 pro-

206 736 429 783 filientes
468 734 646 797 magni
679 730 823 789 sunt,
872 730 1087 793 reliquis
1121 730 1440 795 Staphylinis
1473 747 1565 779 au-

202 833 310 870 tem
341 820 616 886 planiores.

505 903 584 953 Ad
621 922 668 969 p.
693 904 915 954 XXXIII.
953 911 1082 966 part.
1119 901 1255 950 med.

304 992 539 1045 Articuli
578 990 732 1038 medii
778 998 1119 1036 antennarum
1157 990 1242 1037 vel
1273 986 1393 1036 sunt
1424 1004 1560 1037 cam-

203 1082 478 1149 punulafi,
522 1078 606 1126 vel
650 1073 1077 1139 pateraeformeS,
1118 1075 1203 1122 vel
1235 1074 1392 1122 latere
1426 1074 1561 1123 inte-

202 1171 343 1218 riore
391 1161 1014 1224 subincuruo-elongati5
1073 1177 1136 1208 ex
1175 1160 1259 1209 his
1303 1170 1562 1208 antennae

190 1250 442 1326 ferratae
474 1247 790 1297 constructae
817 1246 926 1294 solo
963 1245 1143 1310 Staplz.
1176 1247 1399 1295 dilatato
1423 1246 1563 1294 inter

201 1354 385 1388 omnes
421 1336 870 1399 Micropterorum
916 1331 1107 1398 species
1141 1333 1384 1397 propriae
1418 1331 1553 1381 sunt.

536 1420 613 1469 Ad
648 1438 694 1485 p.
716 1421 914 1469 XXXV.
958 1429 1086 1484 part.
1121 1417 1215 1465 inf.

301 1506 643 1574 Staplzylz'nas
685 1505 938 1553 dilatatus
977 1505 1216 1553 antennis
1259 1503 1462 1554 serratis
1491 1504 1555 1554 ab

198 1596 446 1645 omnibus
481 1592 817 1656 Micropteris
851 1588 1145 1647 distinctus,
1182 1591 1403 1638 articulo
1435 1591 1556 1638 vlti-

195 1698 287 1731 mo
321 1690 663 1727 antennarum
695 1675 839 1724 haud
872 1675 1164 1740 parabolice
1204 1675 1415 1733 obtuso,
1463 1675 1553 1725 sed

197 1777 384 1822 onam,
427 1781 454 1811 a
493 1763 709 1826 reliquis
755 1762 917 1811 huius
958 1759 1187 1810 familiae
1229 1762 1551 1828 Staphylinie

190 1851 479 1902 maioribus
523 1849 707 1898 differt.

491 1935 569 1984 Ad
607 1954 656 2001 p.
677 1937 948 1996 XXXVlu.
983 1943 1112 1998 part.
1147 1931 1239 1979 inf.

295 2021 539 2072 Callicerz·
571 2022 898 2071 mandibulae
932 2020 1113 2070 eadem
1143 2019 1263 2067 sunt
1290 2017 1460 2069 forma
1488 2031 1545 2072 vt

187 2109 245 2157 in
277 2108 493 2172 reliquis
523 2108 834 2156 Aleocharis.

724 2192 803 2241 Ad
837 2209 885 2256 p.
905 2194 1007 2240 XL.

289 2279 452 2343 Palpz·
498 2281 784 2327 anteriores
833 2280 999 2326 Stenis
1023 2272 1160 2347 solis
1200 2277 1541 2327 triarciculati

186 2365 281 2415 effe
326 2364 602 2422 videntum
652 2363 898 2411 omnibus
940 2363 1156 2423 reliquis
1204 2364 1541 2428 Micropteris

185 2450 656 2516 Quadriarticulati.
739 2448 1014 2499 Articzclas
1070 2449 1281 2498 ‘Ultimus
1328 2449 1544 2512 quibus-

184 2535 304 2584 dam
318 2532 685 2606 subuliformis
713 2533 983 2582 interdum
1019 2533 1081 2580 ab
1115 2535 1333 2582 articulo
1354 2536 1540 2600 penul-

177 2622 316 2670 timo
354 2622 528 2671 valido
571 2616 853 2688 recipitur,
897 2620 1140 2686 plurimis
1172 2631 1397 2670 attamen
1433 2623 1536 2670 Mi-

593 2695 598 2699 *
1333 2718 1533 2772 cropte-
