1620 3064
154 218 218 265 92
525 203 612 246 111.
653 195 978 262 Staplzylitzus.
1014 200 1058 243 F.
1082 200 1142 244 ΙΙ.

287 326 487 375 Thorax
537 322 802 385 coleoptris
846 320 1097 386 angustior
1139 335 1187 370 et
1222 326 1369 386 paulo
1405 326 1512 374 bre-

215 413 353 470 vior,
385 426 670 466 connexus,
708 420 914 467 ouatus,
950 407 1140 469 apicem
1176 409 1339 456 versus
1369 414 1512 459 valde

216 508 528 554 attenuatus,
575 495 791 551 nitidus,
837 495 1036 556 punctis
1071 494 1206 560 vagis
1244 495 1510 545 subtilibus

213 580 499 646 impreffus,
531 580 846 647 marginibus
874 580 1159 628 lateralibus
1191 580 1324 631 basin
1343 581 1511 630 versus

213 667 530 717 subeleuatis.

281 758 540 819 Coleoptra
576 753 885 817 rectangula,
922 751 1109 810 nitida,
1146 766 1350 816 puncta,
1385 770 1511 817 pun.

214 844 306 892 ctis
342 843 477 891 haud
501 838 893 895 confertisfimi53
927 840 1174 902 pilosella,
1206 842 1322 904 pilis
1346 839 1511 907 fingu-

209 931 272 979 lis
309 948 335 978 e
370 940 558 993 puncto
591 925 784 991 singulo
815 927 1152 977 nascentibus.

276 1015 485 1064 Habitat
518 1018 778 1075 Cayennae
812 1041 880 1049 —
914 1009 1049 1079 Bosc.

279 1098 574 1167 St.fulgens
610 1101 748 1148 Fabr.
783 1103 837 1146 E.
873 1104 917 1147 S.
952 1104 1018 1148 St.
1058 1115 1206 1157 n.13.

279 1187 355 1241 St.
379 1189 621 1236 violaceus
659 1188 839 1234 olivier
868 1191 984 1234 Ent.
1019 1190 1085 1235 St.
1105 1204 1154 1240 n,
1175 1201 1216 1244 5.
1237 1185 1332 1234 tab.
1346 1190 1384 1234 1.
1408 1184 1444 1233 f.
1460 1199 1505 1243 3.

612 1363 909 1406 FAM1L1A
967 1363 1031 1406 II.

207 1445 595 1510 Comprehendit
610 1444 929 1508 staphylinos
942 1443 1164 1493 familiae
1177 1449 1255 1494 IV.
1272 1448 1346 1493 M.
1360 1462 1405 1508 p.
1421 1458 1501 1505 4ο.

239 1533 432 1582 Habitu
481 1532 595 1578 sunt
630 1531 914 1595 graciliore3
961 1533 1140 1594 capite,
1191 1532 1388 1580 thorace
1422 1549 1502 1579 co-

138 1620 472 1683 leoptrisque,
525 1617 719 1664 ratione
767 1618 1135 1680 proportionis,
1182 1618 1502 1682 longioribus

138 1723 289 1770 quam
331 1707 383 1751 in
421 1704 611 1751 familia
637 1709 704 1757 1.;
750 1716 1083 1750 antennarum
1114 1703 1350 1751 articulus
1384 1704 1503 1751 vlti-

136 1809 251 1839 mus
286 1790 472 1852 semper
497 1801 866 1836 ouato-acutus
890 1788 976 1846 est,
1009 1789 1096 1851 qui
1118 1790 1322 1851 quidem
1347 1790 1499 1839 etiarn

135 1879 189 1925 in
243 1876 505 1924 nonnullis
558 1874 844 1922 minoribus
893 1873 1112 1921 familiae
1164 1878 1496 1939 praecedentis

135 1964 390 2028 speciebus
427 1974 604 2009 ouatus
639 1959 729 2009 effe
765 1960 988 2018 videtur,
1028 1978 1288 2023 nunquam
1325 1975 1497 2011 autem

135 2060 505 2099 acuto-cuatus
540 2074 606 2084 --
638 2046 881 2108 Reliqua,
918 2063 1045 2109 quae
1080 2047 1162 2094 hic
1197 2049 1357 2096 adhuc
1389 2067 1498 2111 mo-

134 2154 250 2183 nere
282 2133 492 2197 possem,
537 2133 704 2195 supra,
742 2132 828 2178 vbi
861 2132 1156 2197 generaliter
1192 2134 1252 2181 de
1289 2138 1496 2199 Staphy-

134 2222 253 2269 linis
290 2222 489 2268 locutus
525 2220 661 2278 sum,
695 2219 796 2265 iam
827 2219 946 2264 dixi.

136 2323 215 2367 33.
253 2312 321 2356 Sc.
346 2310 628 2376 denigrator
646 2305 808 2370 niger,
839 2304 1059 2361 nitidus,
1097 2305 1305 2366 pedibus
1326 2308 1493 2372 piceis,

203 2395 402 2442 thorace
439 2394 649 2441 seriebus
685 2390 958 2440 dorsalibus
990 2405 1022 2452 4
1055 2391 1268 2453 punctis.
1471 2391 1473 2393 ’

268 2485 427 2546 Long.
470 2485 529 2545 οὲ
561 2480 653 2527 lin.

267 2569 426 2630 Caput
458 2577 693 2623 ouatum,
734 2565 935 2612 thorace
967 2563 1166 2624 minus,
1202 2564 1405 2613 lineolis
1441 2578 1492 2614 et

199 2651 414 2700 foueolis
454 2653 605 2715 (quae
650 2653 706 2701 in
747 2652 907 2716 specie
942 2651 1177 2717 sequente
1208 2651 1493 2701 describun-

1382 2738 1489 2800 tur)
