1620 3064
167 201 261 250 152
526 190 608 234 IV.
648 184 974 231 Lachrobium.
1011 190 1059 231 F.
1078 191 1158 232 IV.

262 326 266 331 '
302 319 553 361 Punctura
607 312 788 357 harum
843 310 1143 357 varietatum
1203 328 1322 358 mox
1379 314 1528 373 paulo

236 399 433 448 crassior
453 414 575 444 mox
598 398 748 458 paulo
774 395 1004 441 subtilior
1020 395 1097 453 est,
1132 395 1229 444 sine
1245 398 1532 445 discrimine

237 487 446 535 staturae
489 482 762 549 gracilioris
808 479 1120 529 craffiorisue.
1206 488 1368 529 Immo
1405 485 1534 530 indi-

239 573 454 618 viduum
490 569 616 616 mihi
655 566 718 615 est
754 567 1002 613 varietatis
1034 584 1089 624 2,
1138 569 1345 630 reliquis
1383 571 1532 632 paulo

243 659 476 724 gracilius
493 695 504 714 ,
528 655 669 701 cuius
690 664 870 715 puncta
900 655 1177 713 elytrorum
1194 690 1204 709 ‚
1230 655 1388 702 oculis
1412 656 1536 701 bene

243 744 445 791 armatis
466 755 514 789 et
533 740 740 787 intentis
765 739 1060 795 examinata,
1088 741 1289 786 iamiam
1312 742 1362 786 in
1391 740 1535 788 series

244 829 292 876 se
328 831 589 892 disponere
626 826 890 879 videntum
937 825 1147 871 seriebus
1193 837 1359 871 autem
1397 827 1536 873 obso-

244 914 512 972 letissimis‚
560 930 653 960 nec
698 928 813 957 curn
858 910 1023 957 sutura
1072 925 1239 958 exacte
1291 915 1537 975 parallelis

244 1001 328 1048 sed
363 1000 659 1062 suboblique
684 1015 709 1043 a
737 996 833 1044 bafi
854 998 1129 1056 elytrorum
1153 999 1341 1060 apicem
1363 1016 1538 1046 eorum

246 1088 413 1135 versus
451 1085 701 1141 deductis,
750 1084 816 1129 ita
852 1094 905 1128 vt
940 1082 1151 1144 spatium
1187 1086 1318 1130 inter
1350 1084 1541 1146 apicem

249 1178 428 1222 harum
460 1173 692 1219 seriorum
716 1182 764 1215 et
788 1170 1007 1215 suturam
1031 1169 1283 1234 angustius
1310 1170 1365 1216 sit
1390 1188 1541 1233 quam

249 1263 380 1308 inter
416 1258 548 1306 bafin
585 1274 753 1304 earum
783 1269 831 1301 et
865 1254 1097 1302 suturam.
1171 1261 1305 1302 Haec
1334 1267 1542 1317 puncto-

250 1366 364 1394 rum
405 1342 660 1408 dispositio
696 1341 957 1388 transitum
993 1339 1156 1387 forsan
1189 1341 1487 1390 demonstrat
1516 1361 1543 1391 a

249 1440 305 1482 L.
341 1436 571 1498 elongato
608 1429 668 1474 ad
702 1433 756 1474 L.
791 1431 979 1475 lineare.

319 1537 630 1601 Staphylinus
655 1536 911 1600 elongatus
929 1533 1062 1577 Linn.
1081 1529 1200 1591 Syst.
1223 1544 1318 1579 nat.
1345 1533 1416 1581 ed.
1431 1537 1541 1581 XII.

254 1626 421 1687 Staph.
456 1639 506 1669 n.
532 1633 605 1681 14.

190 1747 262 1791 14.
297 1735 350 1775 L,
382 1729 688 1775 terminatum
724 1726 797 1769 Μ.
831 1739 877 1784 p.
900 1736 977 1778 55.

322 1833 488 1879 Variat
525 1829 691 1875 colore
721 1826 903 1888 pedum
940 1836 1270 1872 antennarum
1305 1838 1353 1872 et
1379 1827 1546 1890 palpo-

253 1937 368 1967 rum
401 1914 683 1964 obscuriore
713 1913 794 1958 vel
827 1911 1114 1973 pallidiore3
1152 1910 1358 1974 pustulis
1382 1912 1434 1959 in
1461 1930 1545 1959 an-

252 2007 386 2072 gulis
411 2004 782 2063 coleoptrorum
805 1996 1168 2044 rufescentibus
1199 1999 1276 2044 vel
1302 1996 1547 2046 distinctis

254 2094 334 2137 vel
366 2088 612 2137 obsoletis.

193 2211 270 2254 15.
306 2201 361 2242 L.
398 2195 652 2260 longulum
695 2192 767 2235 Μ.
811 2205 856 2249 Ρ.
879 2202 987 2244 53.‚
1033 2187 1191 2249 capite
1226 2188 1405 2252 gaudet
1438 2187 1548 2234 sub-

257 2282 526 2347 quadrato,
569 2275 763 2341 angulis
798 2271 1010 2328 obtufis;
1061 2274 1326 2335 coleoptris
1360 2274 1549 2321 obsole-

256 2367 433 2415 tissime
468 2363 693 2429 punctis;
729 2359 1048 2424 longitudine
1091 2366 1146 2424 1-2¹>
1171 2386 1237 2394 —
1271 2376 1294 2403 2
1320 2358 1410 2406 lin.

225 2471 539 2520 Lathrobium
577 2466 853 2531 quoddam,
908 2480 933 2508 a
978 2467 1124 2509 Doni.
1163 2465 1299 2511 Dahl
1333 2464 1420 2510 sub
1456 2482 1546 2512 no-

257 2558 395 2605 mine
440 2560 493 2602 L.
524 2551 760 2620 filisorzne
793 2550 994 2597 Knochii
1034 2565 1230 2594 mecum
1267 2551 1548 2596 communi-

258 2656 452 2702 catum,
503 2640 582 2688 illi
616 2634 847 2702 peraffine
884 2634 973 2682 est:
1017 2635 1258 2699 Nigrum,
1307 2634 1545 2693 nitidum,

1335 2720 1546 2782 pedibus
